3810 6254
113 300 166 358 tad
290 298 453 359 humanat
472 300 506 358 tn
525 297 706 358 tristemini
724 297 868 355 PTRSEC.
890 299 1039 357 isbaab.
1059 302 1331 365 COMMENTARIUS
1349 305 1561 370 abstulimus,

1689 311 1743 373 ibi

112 382 194 479 libus,
208 410 235 467 id
249 419 291 466 est
301 411 416 481 vulgaris
430 426 491 468 aare
500 427 571 467 anno
583 411 646 476 tat,
660 419 720 481 post
731 393 816 492 aupes
828 409 900 465 scili-
912 412 939 473 A
952 427 1005 467 una
1015 411 1042 468 ln
1057 412 1186 470 honorem
1197 414 1320 486 lteiparae
1330 417 1447 489 Virginis
1458 428 1627 492 sacmuprm
1637 407 1744 484 catena

111 493 153 538 cet
171 490 275 551 septem
292 488 481 551 supraceotuna
502 497 608 606 usquama
632 480 754 535 laridahs
768 487 898 549 occupata
951 483 1101 548 eminebat;
1115 484 1226 541 alterno
1241 488 1291 542 sub
1304 488 1423 559 ejusdem
1444 489 1606 550 beatissimae
1625 495 1742 565 virginis

111 554 207 607 luerat.
220 551 359 620 Simulque
371 552 492 607 restituta
515 550 899 621 nitimperioCartbagineosis
951 553 1059 608 nominc
1072 555 1141 622 apud
1154 555 1273 626 Septem,
1288 573 1348 627 qnae
1360 560 1386 614 in
1400 575 1449 614 ora
1465 560 1562 617 hiricae
1578 579 1626 634 pro
1645 580 1661 621 e
1675 567 1744 624 alte·

80 674 83 679 .
110 623 222 686 civitas,
252 635 323 676 atino
348 631 486 692 postquam
509 636 523 675 a
547 620 692 676 Censorino
712 629 790 689 capta
814 621 901 677 iuerat
950 637 1007 677 ram
1021 621 1603 697 lleibbiiscotnmnamsitaest,coostrnxit:
1638 637 1740 705 rimam,

110 691 285 762 nonagesimo
308 748 311 754 ,
333 691 416 746 nimo.
438 691 560 746 Publicas
583 705 613 746 ea
642 691 676 746 de
699 706 729 745 re
751 691 897 759 gratiarum
950 692 1038 763 inquit
1052 694 1217 764 Procopius,
1233 697 1284 767 ipsi
1299 698 1387 754 blaciae
1407 701 1528 769 beiparae
1542 703 1631 761 dicans
1650 722 1742 763 conss-

110 763 231 817 actiones
251 761 306 816 Deo
344 761 465 830 philax.
485 761 804 817 retulitlustinianusthu
824 770 899 818 ustus
949 779 1072 834 eramque
1091 781 1163 819 orum
1182 768 1296 836 imperii,
1316 769 1510 825 castellumhoc
1524 774 1641 830 uniuerso
1658 776 1743 831 bomi-

111 834 137 887 ιιι
155 830 348 887 constitutione
361 831 395 886 de
410 831 498 886 oillclo
511 832 629 902 praelecti
644 830 772 900 praetorib
786 776 895 898 siricae,
949 849 1011 886 onor
1025 836 1109 905 paneri
1128 837 1322 908 inerpuqnobile
1333 841 1451 895 reddidit.
1466 841 1664 900 Nobilissimam
1676 846 1740 904 item

110 917 169 973 quae
185 901 296 957 habetur
310 902 337 956 in
356 901 449 958 codice
470 901 611 956 iustiniani
633 901 702 955 libro
719 916 740 965 v,
754 900 830 955 titolo
844 900 896 965 273
949 904 1091 959 ecclesiam
1111 908 1181 974 apud
1207 906 1347 964 Sabratam
1363 910 1537 980 Tripolitanae
1552 914 1646 970 urbem
1664 930 1680 970 a
1695 917 1743 972 lu·

111 975 155 1027 ubi
171 973 278 1027 sibimet
302 971 352 1040 ipsi
367 972 401 1026 de
423 980 497 1026 tamo
519 972 649 1026 benetlcio
667 971 717 1027 sibi
732 985 748 1025 a
764 971 819 1027 ibeo
834 986 898 1026 con·
948 974 1064 1028 stiniaoo
1077 975 1236 1031 aedificatam
1248 989 1378 1042 memorat
1389 981 1459 1036 idem
1472 993 1585 1049 aneson
1598 985 1741 1042 duasvero

110 1057 189 1098 cesso
202 1040 359 1112 gratulator.
376 1041 459 1118 Quas.
475 1042 577 1110 inquis,
589 1042 700 1113 qratius,
711 1049 755 1095 aut
768 1041 898 1111 quaslau-
948 1045 1019 1113 apud
1034 1045 1219 1114 Carthaginem
1236 1049 1293 1103 heri
1310 1052 1445 1120 praecepit,
1462 1052 1579 1121 priorem
1595 1055 1697 1110 scilicet
1714 1057 1740 1112 in

110 1112 155 1166 des
165 1111 272 1165 Domino
285 1110 431 1165 Deooostro
441 1111 503 1165 lesu
513 1111 613 1166 Christo
624 1111 742 1165 exhibere
752 1113 898 1178 debeamus,
968 1114 1049 1168 alarin
1061 1115 1108 1170 Dei
1121 1116 1261 1185 Genitrici,
1277 1120 1388 1174 alteram
1404 1130 1479 1176 extra
1495 1124 1618 1190 palatium
1633 1124 1740 1182 Sanctae

110 1199 157 1237 nec
169 1197 239 1236 meus
258 1190 345 1235 nostra
358 1191 438 1252 potest
452 1183 596 1250 concipere,
609 1197 656 1234 uec
669 1183 758 1251 linquo
773 1182 896 1251 prolerre.
949 1127 1063 1249 Prima,
1078 1200 1139 1256 qnae
1154 1202 1205 1241 una
1220 1197 1291 1253 erat,
1309 1190 1393 1257 inquit
1413 1191 1569 1259 Procopius,
1584 1207 1617 1247 ex
1640 1198 1740 1251 sanctis

112 1253 209 1306 ilultas
228 1252 330 1322 quidem
345 1261 367 1306 et
381 1263 457 1306 anteo
469 1267 486 1304 a
500 1250 554 1304 Deo
566 1251 702 1305 meruimus
712 1252 855 1323 larqitates,
873 1259 898 1305 et
948 1252 1092 1323 indigenis,
1105 1270 1219 1311 sacram.
1236 1258 1427 1314 Motiasterium
1442 1277 1487 1323 pro
1498 1269 1572 1316 terea
1585 1262 1654 1318 intra
1669 1264 1742 1334 cius·

111 1322 307 1376 innumerabilia
317 1323 385 1375 circa
399 1338 444 1375 nos
455 1323 509 1390 ejus
530 1320 649 1390 beneficia
669 1321 834 1389 contritemur,
851 1337 898 1389 pro
949 1323 1011 1379 dem
1032 1325 1104 1379 turbis
1127 1341 1217 1382 muros
1231 1328 1263 1382 ad
1278 1338 1382 1396 portum
1396 1329 1442 1398 qni
1455 1330 1634 1387 blandraciunt
1649 1336 1740 1403 appel·

110 1391 276 1462 qnibnsnihil
287 1392 445 1462 diqrrumnos
456 1395 534 1463 eqisse
545 1393 730 1460 cognoscimus.
746 1391 898 1445 Praenomi-
949 1393 1052 1452 labatur
1070 1395 1199 1452 condidit.
1217 1396 1301 1451 Porro
1321 1401 1493 1455 ecelesiarum
1517 1402 1585 1455 bona
1605 1418 1664 1471 (quae
1679 1403 1741 1460 bar·

111 1465 156 1518 bus
175 1472 261 1516 maneo
274 1463 332 1525 boe,
357 1463 425 1532 quod
451 1479 518 1516 nuuc
540 1464 697 1526 aornipotcns
713 1461 781 1515 Deras
793 1476 837 1529 per
851 1478 898 1515 nos
950 1465 1007 1517 bari
1021 1464 1192 1534 invaserant,
1208 1469 1277 1522 mem
1300 1470 1446 1538 imperator
1467 1471 1523 1524 suis
1547 1487 1660 1555 quaeque
1673 1472 1740 1528 loeis

110 1549 157 1605 pro
168 1549 216 1586 sua
227 1532 317 1597 laude,
328 1542 351 1586 et
360 1548 405 1600 pro
420 1548 465 1584 sno
480 1533 580 1585 nomine
593 1533 768 1586 demonstrare
778 1532 898 1598 diqimtus
949 1535 1054 1589 restitui
1068 1538 1181 1603 curavit,
1198 1538 1303 1607 aliaque
1313 1540 1380 1595 hene
1392 1541 1472 1594 nutrita
1486 1539 1604 1596 decrevit
1615 1557 1643 1596 ιιι
1653 1544 1740 1599 eccle-

111 1612 157 1671 est,
171 1603 268 1658 accedit
282 1604 367 1656 omnia
386 1602 515 1657 mirabilia
530 1618 607 1669 opere
620 1619 677 1673 quse
694 1603 720 1655 in
734 1603 826 1655 cuculo
837 1618 898 1657 con-
949 1604 1048 1659 siarum
1063 1621 1095 1660 ac
1114 1621 1251 1663 sacrorum
1269 1609 1451 1664 ministrorum
1473 1610 1602 1678 gratiam,
1628 1628 1688 1680 quae
1712 1615 1740 1671 in

111 1675 130 1728 ti
147 1683 231 1738 erum,
247 1673 374 1740 athima
387 1690 433 1743 per
448 1689 495 1728 nos
507 1682 557 1726 tarn
574 1675 639 1727 breui
653 1682 763 1743 tempor-e
775 1675 898 1741 reciperet
949 1675 1066 1731 Nouellis
1089 1677 1201 1747 aliisque
1228 1680 1408 1746 imperatoriis
1433 1681 1668 1737 constitutionibus
1693 1685 1741 1739 ha-

112 1691 268 1809 ligertatem,
286 1754 361 1798 anteo
379 1744 518 1815 nonaqimu
530 1747 639 1814 quinque
654 1759 761 1798 aurrosa
775 1742 897 1799 Vandalis
913 1746 1055 1845 Bbentur.
1071 1746 1203 1807 Gaudium
1218 1749 1292 1803 ausit
1307 1764 1432 1804 novarum
1448 1749 1551 1818 aliquot
1570 1751 1688 1821 gentium
1705 1755 1740 1809 ad

111 1815 253 1884 captiosam
263 1815 305 1883 qui
315 1815 459 1868 animarum
474 1817 573 1883 sucrum
588 1813 664 1867 simul
675 1814 759 1866 hostes
772 1824 795 1866 et
808 1830 897 1882 corpo·
950 1815 1049 1870 Christi
1063 1816 1142 1871 iidem
1153 1820 1305 1884 conversio,
1318 1820 1490 1874 barbarorum
1502 1822 1604 1877 seilicet
1633 1824 1658 1877 ni
1669 1822 1741 1880 circa

110 1901 176 1938 rnna.
188 1883 366 1938 Namanimas
376 1884 488 1953 quidem,
503 1885 602 1937 diuersa
613 1893 897 1954 tormentuatquepup-
951 1885 1061 1940 limitem
1082 1887 1276 1957 Tripolitanum
1302 1889 1466 1944 habitabant.
1490 1891 1530 1944 Es
1553 1891 1594 1945 his
1645 1906 1739 1960 aitrus,

110 1954 188 2024 plicia
209 1954 392 2023 aestuantes,
413 1954 598 2023 rebaptizando
612 1953 646 2005 ad
665 1968 738 2006 suum
762 1954 898 2024 perfidiam
950 1965 1127 2021 cogrromeoto
1139 1956 1259 2024 Pacatus,
1271 1958 1459 2028 qniCidamarn
1473 1961 1566 2025 urbem
1576 1962 1739 2028 incolebant,

110 2025 311 2094 translucebunt:
323 2040 430 2093 corpora
440 2039 497 2077 uero
510 2023 594 2077 liberis
610 2024 737 2077 natulibus
752 2025 823 2077 clara
832 2025 897 2095 jupo
951 2036 1083 2080 memorat
1098 2028 1242 2097 Procopius
1255 2029 1323 2082 libro
1335 2045 1360 2082 ιι
1376 2029 1410 2083 de
1425 2029 1569 2099 AEdiliciis,
1586 2046 1646 2101 cap.
1662 2034 1696 2099 3;
1710 2043 1739 2089 et

110 2094 241 2148 barbarico
260 2094 396 2147 durissime
416 2095 584 2164 subjugabunt
605 2108 615 2148 :
635 2095 705 2161 ipsas
727 2109 827 2162 quoqne
851 2095 898 2148 Pei
951 2096 1250 2152 MattrosCatiabitanos
1262 2100 1348 2165 capite
1361 2101 1498 2168 sequenti,
1512 2117 1580 2171 quos
1592 2103 1663 2158 baud
1676 2118 1739 2173 pro·

108 2173 284 2219 merosanctus
295 2162 411 2218 eccleciae
423 2165 476 2218 suis
487 2162 782 2232 perfidiismaculabant,
797 2164 898 2232 aliquas
949 2166 990 2220 cui
1006 2167 1040 2219 ab
1055 2167 1120 2222 urbe
1136 2167 1212 2236 Lepti
1225 2170 1316 2238 blagoa
1331 2169 1464 2226 habitasse
1478 2171 1581 2228 scribit.

109 2249 163 2287 omo
177 2251 210 2288 ea
224 2234 261 2287 eis
276 2235 377 2288 stabula
391 2235 511 2302 [manarat.
533 2233 651 2288 Vidimus
669 2234 821 2287 oeomobiles
831 2235 898 2289 uiros
984 2236 1011 2291 9.
1028 2236 1158 2292 Defuncto
1179 2248 1267 2292 autem
1283 2238 1324 2293 his
1343 2241 1508 2308 temporibus
1523 2240 1658 2299 Bonilacio
1674 2245 1734 2312 opi·

108 2307 150 2373 qui
164 2303 282 2359 abscissis
290 2305 416 2358 radicitus
431 2305 524 2375 torquis
543 2320 605 2358 suus
620 2319 706 2369 poenas
721 2304 899 2358 miserabiliter
948 2320 1032 2375 scopo
1050 2308 1263 2376 Carthaginensi,
1281 2308 1429 2376 Reparatns
1447 2311 1474 2363 in
1490 2311 1574 2377 ipsius
1591 2311 1677 2367 iocum
1691 2329 1739 2370 as·

109 2376 227 2439 irrratlem
240 2375 329 2443 legere
341 2375 503 2443 mirabiliter)
518 2375 694 2445 loquebantur.
708 2374 827 2428 aliinero
840 2383 898 2456 post
948 2387 1071 2445 sumptus
1094 2386 1151 2442 cst,
1173 2377 1301 2432 belisario
1324 2379 1356 2432 ll.
1368 2378 1400 2435 C.
1416 2381 1542 2448 consule,
1561 2382 1586 2435 id
1602 2391 1644 2438 est
1666 2399 1739 2441 anno

108 2445 207 2498 diversa
215 2452 339 2498 tormento
350 2460 394 2513 per
402 2444 511 2498 diuersas
521 2446 629 2514 dispersi
637 2445 781 2512 proclamas
787 2445 863 2496 citum
869 2460 897 2496 m

108 2514 198 2569 resilio
209 2522 369 2584 peregerunt.
387 2514 444 2580 Quo
461 2529 520 2583 erqo
532 2530 658 2577 sermone,
674 2524 718 2566 aut
732 2513 823 2582 quibus
838 2529 897 2583 ope·

108 2586 176 2643 ribus
190 2585 281 2656 dipsas
296 2582 350 2638 Deo
364 2585 461 2654 pretias
475 2600 550 2652 apere
570 2586 715 2644 trahamus.
731 2592 783 2639 etc.
800 2583 855 2638 iiac
870 2585 895 2639 in

109 2656 298 2712 constitutione
311 2655 457 2724 insperatos
473 2656 587 2711 Atticam
599 2656 626 2709 in
643 2655 783 2724 pristinum
797 2663 895 2709 statium

108 2731 275 2790 restitutam,
296 2725 390 2781 iisdem
413 2727 558 2796 privilegiis
581 2725 698 2794 gaudere
724 2726 781 2780 vult
801 2725 896 2794 quibus

109 2809 184 2854 antea
194 2797 387 2866 perimebatur.
398 2797 497 2851 Praeter
510 2797 661 2863 praelectum
675 2797 895 2864 precariqqocm

109 2867 267 2938 Cartbagine
287 2868 448 2922 commorari
469 2868 562 2936 jussit,
585 2875 698 2921 caeteros
716 2880 822 2934 quoque
837 2867 896 2921 oill-

110 2940 189 2993 ciales
212 2938 337 3003 instituit,
349 2938 393 3008 qui
408 2952 456 3007 per
477 2937 598 2992 diversas
619 2935 717 2991 Atricse
732 2937 854 3006 regiones
869 2939 895 2991 in

109 3009 256 3079 nlaioribus
275 3007 385 3062 urbibus
405 3006 484 3063 sedes
504 3009 625 3074 proprias
649 3006 789 3070 haberent,
804 3006 897 3076 eisque

109 3080 233 3135 omnibus
252 3078 383 3148 stipendia
404 3076 561 3147 singiliatim
576 3076 729 3145 assignavit.
754 3076 896 3132 bioecesim

949 2448 1015 2509 555.
1037 2448 1059 2500 si
1080 2446 1180 2502 Victori
1204 2447 1374 2503 Tuononensi
1395 2451 1545 2505 credamus.
1571 2451 1621 2518 Qui
1647 2462 1737 2509 tamen

948 2516 1091 2575 concilium
1108 2515 1316 2583 carthaginense
1327 2517 1377 2572 snb
1388 2520 1520 2587 heparato
1539 2536 1610 2576 anno
1624 2522 1676 2576 534
1691 2524 1739 2578 ha-

949 2586 1032 2640 bitum
1048 2588 1129 2643 luisse
1143 2588 1253 2651 virium,
1266 2591 1447 2644 necessarium
1467 2599 1509 2644 est
1524 2602 1553 2644 ut
1568 2593 1651 2658 ipsius
1665 2593 1738 2648 ordi-

949 2661 1082 2712 nationem
1098 2663 1192 2713 eodem
1203 2659 1298 2712 saltem
1312 2675 1383 2713 anno
1395 2661 1563 2730 consignent.
1574 2663 1655 2716 Certe
1664 2664 1737 2732 Aga·

949 2728 1001 2794 peti
1013 2729 1173 2795 epistolaead
1187 2727 1346 2796 Reparatnm
1357 2731 1463 2797 scripte
1478 2745 1570 2785 snense
1585 2732 1737 2796 Septembri

949 2799 1017 2851 datae
1033 2807 1095 2852 som
1111 2808 1168 2865 post
1189 2800 1356 2854 consolatum
1381 2801 1501 2866 Paulini,
1524 2815 1577 2867 quo
1601 2801 1670 2857 idem
1685 2802 1738 2858 535

948 2882 1033 2922 aurius
1044 2868 1205 2941 designator.
1220 2870 1304 2922 Porro
1316 2868 1464 2935 Reparatns
1482 2869 1571 2923 statim
1586 2880 1647 2938 post
1660 2886 1737 2927 suam

948 2938 1160 2999 ordinationem,
1176 2938 1297 2992 restituta
1319 2937 1464 3007 episcopali
1481 2939 1652 3009 Carthaginis
1671 2943 1736 2997 sede

949 3008 1018 3076 apud
1041 3007 1129 3081 Paesti
1151 3008 1306 3071 basilicam,
1323 3007 1414 3062 multis
1428 3008 1615 3077 locupletatam
1629 3019 1738 3067 sancto-

949 3092 1008 3132 rum
1028 3087 1173 3149 rtrartyrnm
1189 3077 1319 3147 reliqniis,
1331 3093 1410 3147 quarn
1426 3078 1517 3134 Ariani
1538 3080 1588 3134 sub
1601 3080 1736 3136 hunerico

110 3149 262 3205 biduanam
275 3159 376 3218 septem
392 3149 418 3202 io
434 3147 586 3217 provincias
601 3147 714 3214 partitus
728 3155 769 3200 est
783 3162 790 3199 :
806 3146 896 3217 Tingi·
909 3142 933 3206 C
948 3162 996 3216 per
1019 3148 1072 3201 vito
1093 3158 1308 3216 occupaverant,
1328 3148 1473 3202 concilium
1499 3149 1626 3218 generale
1655 3153 1735 3206 totius

111 3229 200 3274 unam
222 3219 340 3284 scilicet,
355 3226 383 3273 ct
395 3233 454 3288 que
468 3227 545 3272 antea
568 3216 765 3286 proconsularis
782 3219 897 3272 vocaba-

111 3298 154 3343 tur
166 3286 368 3358 Carthaginem,
390 3289 549 3359 Byzacium,
569 3288 712 3356 Tripolim,
728 3285 896 3353 Numidiam,

110 3360 305 3422 bbanritaoiam,
320 3369 347 3415 et
362 3359 523 3423 Sardiniam,
538 3373 650 3428 quarum
665 3358 768 3426 priores
781 3367 896 3426 quatuor

110 3444 123 3484 a
147 3429 343 3495 consularibus,
363 3438 416 3486 tres
432 3443 497 3484 vero
514 3429 677 3497 posteriores
699 3442 715 3482 a
737 3428 897 3496 presidibus

110 3499 286 3555 administrari
299 3501 392 3556 voluit.
405 3500 433 3554 ln
447 3499 567 3568 sequenti
587 3498 788 3563 coristitntione,
799 3497 833 3552 de
843 3500 896 3552 nri·

110 3570 230 3626 litoribus
244 3569 340 3627 ciliciis
351 3584 383 3625 ac
393 3570 527 3638 judicibus
543 3571 606 3638 agit,
627 3572 767 3637 assignans
789 3568 846 3622 loca
869 3569 895 3624 iu

110 3641 205 3711 equibus
218 3641 332 3695 miiitum
351 3641 433 3695 duces
455 3654 503 3709 per
525 3638 720 3694 variashtricar
746 3639 897 3708 provincias

110 3711 222 3766 instituti
246 3710 326 3767 sedes
348 3711 448 3766 babere
469 3710 594 3764 debeant.

144 3783 171 3834 t.
187 3781 242 3836 Nec
265 3780 307 3836 his
330 3792 472 3836 conuentus
492 3780 650 3850 imperator,
667 3791 696 3838 ut
709 3781 824 3837 biricam
843 3780 897 3848 pri·

111 3852 181 3905 stino
202 3850 338 3920 splendori
356 3851 522 3918 restitueret,
539 3864 621 3904 novas
637 3851 716 3903 orbes
735 3849 895 3916 adiiicnnit,

111 3935 174 3976 rere
188 3920 271 3976 muris
281 3921 376 3987 ciosit,
390 3937 496 3977 omnem
515 3921 629 3990 deniqne
644 3921 779 3990 regionem
795 3919 897 3989 magni·

949 3217 1046 3272 Airicat
1067 3219 1138 3271 inea
1159 3217 1317 3282 celebravit,
1333 3218 1366 3271 ad
1400 3219 1453 3272 uod
1468 3218 1574 3274 ducenti
1595 3219 1737 3276 decernet

948 3296 1051 3356 septem
1073 3287 1193 3356 episcopi
1205 3289 1365 3343 convenisse
1381 3234 1520 3344 ⁴iicuntur.
1536 3289 1610 3344 Lecti
1623 3298 1686 3345 sunt
1700 3291 1737 3346 ihi

948 3369 1068 3413 veterum
1097 3358 1271 3412 conciliorum
1299 3372 1436 3425 canones,
1465 3359 1601 3428 multaque
1627 3359 1736 3417 decreta

949 3427 1053 3482 lucrum
1074 3442 1122 3495 pro
1139 3428 1313 3482 restauranda
1335 3428 1462 3484 Ecclesia
1482 3429 1638 3499 disciplina,
1655 3445 1735 3498 qrtam

948 3499 1066 3566 priorum
1079 3506 1227 3565 temporum
1239 3498 1371 3554 acerbitas
1382 3499 1408 3553 in
1424 3499 1481 3554 istis
1497 3499 1648 3567 regionibns
1663 3500 1736 3555 tabe·

948 3570 1067 3623 incurat.
1082 3569 1169 3623 hissa
1182 3571 1335 3624 suntetiam
1349 3583 1382 3624 ex
1400 3570 1604 3640 eademsynotto
1620 3570 1732 3639 legatio·

948 3654 995 3693 nes
1009 3640 1085 3702 doe,
1101 3638 1134 3692 ad
1151 3638 1302 3707 pontilicem
1327 3638 1477 3694 Romanum
1497 3655 1558 3706 una,
1571 3639 1654 3694 altera
1670 3654 1736 3696 roro

947 3708 980 3762 ad
995 3707 1174 3762 lastinianum
1185 3713 1344 3776 augustum.
1359 3709 1414 3764 blac
1427 3711 1536 3778 petitum
1548 3719 1590 3765 est
1602 3711 1636 3764 ab
1647 3710 1734 3780 impe·

948 3787 1039 3834 satore
1063 3789 1091 3832 ut
1108 3791 1150 3831 res
1171 3777 1346 3832 ecclesiarum
1365 3794 1431 3847 quas
1453 3780 1559 3835 barbari
1579 3788 1734 3848 rapuerant,

946 3847 1072 3903 catholici
1094 3847 1226 3901 antistites
1239 3848 1337 3915 aliique
1351 3851 1419 3902 sacri
1443 3849 1558 3903 ministri
1571 3852 1734 3916 reciperent,

947 3919 1017 3987 quod
1041 3918 1076 3971 ab
1099 3918 1262 3985 imperatore
1282 3931 1439 3973 coracessum
1464 3917 1547 3971 luisse
1572 3917 1627 3984 jam
1652 3933 1734 3982 supra

111 3990 289 4047 licentissimis
316 3992 458 4058 aediliciis,
487 3991 699 4060 necessariisque
724 3989 897 4044 munimentis
947 3988 1162 4054 observavimus,
1187 3987 1266 4055 idque
1288 3996 1360 4055 patet
1377 4002 1411 4042 ex
1435 3987 1547 4041 novellis
1570 3985 1605 4041 ab
1629 3987 1733 4050 et5'13

110 4062 237 4116 adversus
259 4062 402 4128 barbaros,
417 4072 444 4117 et
457 4063 573 4126 ornavit,
587 4073 615 4114 et
630 4062 758 4128 proterit,
774 4069 803 4114 ut
813 4058 897 4114 lusius
947 4058 1029 4112 altera
1040 4071 1105 4112 vcro
1115 4057 1247 4125 legatione
1259 4056 1352 4111 Patres
1371 4055 1488 4111 hiricani
1503 4054 1651 4109 Romanum
1668 4070 1735 4124 pon·

111 4140 201 4185 namet
223 4132 369 4200 Procopius
394 4132 461 4186 libro
486 4140 561 4185 sexto
581 4131 614 4185 de
628 4128 760 4196 AEdibciis
775 4144 791 4184 a
804 4131 897 4198 cap.5
948 4130 1044 4182 titicern
1059 4128 1093 4181 de
1114 4142 1178 4196 pace
1203 4126 1330 4181 Ecclesiis
1347 4127 1468 4180 restituta
1487 4126 1628 4180 certiorem
1653 4124 1734 4180 lacie-

112 4215 194 4271 osque
207 4202 240 4255 ad
252 4201 341 4256 briem.
356 4203 389 4256 iit
401 4203 442 4255 his
451 4201 535 4269 Caput
549 4200 650 4254 Vadam
661 4201 688 4255 in
704 4201 853 4271 Byzacena,
867 4209 895 4255 et
948 4198 1021 4264 bant,
1043 4199 1120 4265 coins
1133 4197 1294 4252 sententiam
1308 4196 1342 4250 de
1357 4194 1519 4265 recipiendis
1538 4194 1571 4249 ad
1586 4194 1734 4251 Ecclesiam

111 4270 225 4326 Tuccam
251 4273 277 4326 in
299 4271 481 4340 proconsulari
502 4269 580 4325 nrbes
599 4271 633 4325 de
658 4284 728 4325 novo
748 4279 899 4325 exstructas
948 4269 1110 4349 preshyteris
1125 4266 1286 4333 hriaoisqui
1302 4266 1403 4334 eiurata
1422 4265 1675 4346 haeresi'redibant,
1701 4279 1734 4320 ac

111 4350 247 4405 recemet,
268 4342 368 4410 Leptim
392 4341 510 4410 blugoam
531 4339 702 4406 Tripolitana
726 4341 895 4408 oretropoiim
946 4339 1051 4393 dealirs
1071 4337 1206 4392 nonnuliis
1221 4335 1409 4390 ecclesiasticae
1428 4335 1578 4404 disciplina
1599 4335 1733 4405 capitibus

111 4424 177 4478 pene
202 4411 331 4479 dejectam
357 4425 439 4465 murs
453 4409 552 4473 cinxit,
576 4411 602 4464 in
617 4425 647 4464 ea
662 4421 738 4463 vetos
753 4411 895 4477 palatium,
947 4408 1160 4462 sciscitabantur.
1206 4407 1260 4476 92
1279 4404 1370 4472 Legati
1396 4414 1473 4458 erant
1494 4405 1573 4459 Caius
1588 4412 1616 4459 et
1638 4405 1735 4459 Petrus

111 4479 199 4535 olima
214 4481 317 4536 Severo
330 4483 459 4548 ¹ingesto,
493 4483 518 4533 ui
534 4480 569 4534 ibi
587 4479 893 4547 natusiuerat,acdihca·

110 4556 176 4614 tum,
194 4551 240 4604 sed
254 4550 359 4618 penitus
374 4550 428 4604 iere
442 4496 588 4616 enisurum
601 4550 769 4605 restauravit.
781 4547 894 4603 Cartha-

109 4621 197 4689 ginem
226 4622 418 4675 ltrstioianeam
442 4620 571 4690 appellari
596 4621 695 4687 volarit,
716 4634 770 4688 quo
788 4620 895 4675 omnine

109 4691 188 4744 eiam
199 4689 307 4745 donavit
317 4690 503 4755 Adrumetum,
513 4690 617 4761 Byzacii
629 4690 807 4757 oretrirpolim,
819 4693 894 4753 olim,

109 4767 136 4812 ut
159 4758 263 4814 Plinius
282 4760 425 4825 observat,
444 4760 543 4814 Sissam
569 4759 675 4828 Nigram
696 4759 809 4824 dictum,
837 4775 894 4825 qua

109 4830 200 4894 ciuitas
214 4829 306 4885 adeoa
322 4830 441 4884 barbaris
456 4831 536 4900 291
552 4829 637 4883 iuerat
662 4829 794 4897 neglecta,
810 4840 838 4882 nt
850 4831 894 4882 vix

109 4898 209 4967 antiqui
229 4899 380 4968 splendoris
395 4899 515 4953 umbram
528 4900 664 4953 retineret.
679 4898 776 4965 Bagam
790 4913 854 4953 vcro
868 4899 894 4953 ln

110 4970 290 5034 proconsulari
310 4972 419 5035 urbem,
435 4978 511 5022 antea
526 4974 569 5023 vix
594 4978 700 5034 rictam,
715 4983 771 5021 oue
797 4969 893 5034 urbem,

109 5038 194 5160 iuuit
209 5037 364 5108 Procopius,
380 5039 453 5104 lecit,
466 5053 543 5105 quarn
557 5039 639 5106 ipsios
654 5037 736 5101 cives,
749 5051 783 5091 oe
797 5039 893 5106 ingrati

110 5105 132 5155 ι·
152 5119 272 5174 crentur,
291 5111 317 5162 io
334 5111 462 5164 honorem
478 5109 625 5162 Theodora
637 5106 778 5163 iustiniani
790 5108 894 5174 uxoris,

109 5175 320 5234 Theodoriadetu
333 5178 511 5249 appellarunt.
524 5178 564 5231 Ex
574 5178 694 5246 ejusdem
709 5180 835 5246 Augustae
846 5192 893 5231 no-

111 5246 179 5301 mine
189 5246 492 5306 Tiroodorianaebalneae
500 5258 614 5319 spectatu
625 5247 719 5317 diqnoe,
729 5247 813 5316 inquit
823 5247 893 5310 idem

111 5326 214 5382 auctor,
228 5318 307 5372 dicta
321 5327 392 5373 suot.
408 5319 465 5373 Alia
478 5318 505 5371 io
528 5318 588 5372 aliis
601 5318 699 5371 hirieae
712 5317 777 5372 locis
790 5316 893 5384 publica

112 5386 219 5441 addicis
233 5390 370 5444 abeodem
385 5389 546 5457 imperatore
556 5397 707 5442 constructa
716 5387 813 5442 videsis
823 5386 894 5455 apud

114 5453 247 5511 laudatum
261 5470 406 5514 auctorem.
566 5498 570 5507 ,

146 5531 170 5580 e.
186 5527 318 5583 Caeterum
340 5545 391 5583 ooo
407 5529 493 5582 minus
505 5528 530 5581 io
546 5529 630 5583 sacris
646 5544 724 5599 quam
737 5528 763 5581 io
778 5525 895 5593 prolenis

115 5595 228 5650 editions
252 5600 438 5653 consumendis
463 5603 618 5661 triagnitieus
642 5601 689 5651 loit
710 5597 892 5658 lastinianus,

117 5680 190 5729 queso
203 5675 272 5736 apud
292 5673 374 5723 siriani
392 5670 493 5736 Leptim
507 5669 626 5737 Mrtgnant
642 5668 769 5723 inelesias
779 5665 896 5735 quinque

116 5741 302 5794 construxisse.
324 5741 407 5795 retent
430 5739 573 5796 Procopius
589 5740 655 5793 hbro
672 5738 777 5791 lmdato
793 5753 799 5787 t
816 5751 848 5789 es
864 5737 897 5788 iis

947 4478 1076 4547 episcopi,
1092 4491 1152 4532 cum
1170 4475 1196 4530 Li
1221 4483 1293 4528 erato
1306 4472 1523 4544 Carthaginensis
1538 4474 1662 4528 Ecclesia
1677 4474 1735 4529 dia·

946 4563 1024 4611 cotio,
1039 4549 1084 4617 qui
1098 4547 1133 4602 ob
1150 4547 1277 4614 seriptum
1292 4544 1455 4599 Breviarium
1466 4544 1580 4598 celebris
1592 4543 1649 4597 tuit.
1666 4543 1733 4612 llos,

947 4619 1051 4673 loaooe
1074 4617 1095 4670 li
1115 4626 1237 4677 mortino,
1252 4615 1362 4667 itomam
1385 4615 1511 4684 appulsos
1531 4614 1665 4681 agapetus
1684 4615 1735 4682 ipsi

947 4688 1105 4743 substitutus
1136 4685 1263 4751 suscepit.
1288 4682 1400 4738 Concilii
1431 4683 1647 4752 carthaginensis
1676 4695 1735 4739 acta

946 4759 1087 4822 excidete;
1100 4765 1126 4809 at
1138 4755 1292 4826 synodicam
1302 4752 1441 4822 epistolam
1453 4753 1624 4808 ad'loannem
1637 4768 1734 4821 papam

947 4829 1092 4890 hahemus,
1105 4828 1174 4881 sicut
1187 4835 1213 4879 et
1228 4825 1338 4893 Agapeti
1350 4825 1562 4891 responsionem,
1575 4835 1655 4892 quaro
1669 4838 1736 4891 pon-

947 4900 1009 4954 tiles
1024 4897 1166 4965 iteparato,
1183 4895 1334 4958 Tioreotio,
1351 4893 1466 4949 liaciano
1483 4902 1510 4947 et
1527 4894 1586 4948 aliis
1599 4893 1734 4961 episcopis

947 4968 1094 5036 inscripsit,
1120 4980 1166 5019 uos
1176 4962 1271 5019 exinde
1281 4964 1437 5032 collegimus
1445 4963 1525 5018 luisse
1536 4961 1734 5031 provinciarum

948 5038 1090 5106 primates,
1130 5044 1267 5103 eparatum
1288 5033 1392 5087 scilieet
1407 5033 1661 5100 Carthaginensem
1674 5031 1737 5088 Tlo-

948 5110 1063 5162 rentiom
1075 5103 1216 5167 Numidia,
1230 5116 1262 5156 ac
1274 5103 1432 5158 Pontianum
1449 5104 1470 5157 B
1489 5117 1603 5158 sacenae.
1619 5102 1736 5159 Litteras

948 5188 1078 5247 praeterea
1100 5174 1211 5229 seorsim
1231 5177 1365 5241 agapetus
1388 5174 1462 5227 dedit
1472 5121 1605 5242 insparsis
1618 5173 1736 5229 Cartba-

946 5246 1069 5328 ginensi,
1089 5244 1133 5313 qui
1145 5244 1223 5313 paulo
1236 5251 1295 5310 post
1316 5241 1474 5310 legationem
1491 5244 1612 5310 missam,
1624 5251 1736 5311 accepts

947 5333 955 5370 t
975 5315 1069 5370 sinsin
1080 5314 1190 5369 loannis
1202 5312 1291 5366 locum
1302 5311 1482 5379 ordinatione,
1495 5315 1520 5369 ei
1533 5314 1689 5382 scripserat.
1705 5313 1734 5366 ht

947 5332 1002 5440 titis
1018 5383 1136 5453 pontilea
1156 5382 1303 5452 gratulatur
1324 5381 1359 5436 de
1372 5384 1494 5439 restituta
1518 5383 1646 5439 Ecclesia
1659 5380 1734 5436 hiri·

946 5469 1021 5508 canas
1032 5455 1165 5518 libertate,
1176 5465 1254 5522 quarn
1262 5452 1354 5519 gratiis
1362 5452 1418 5508 Deo
1428 5454 1602 5524 omnipotenti
1611 5450 1734 5515 redditis,

948 5534 977 5578 ut
991 5524 1064 5579 utilis
1085 5538 1117 5577 ac
1138 5523 1275 5577 fructifera
1299 5520 1343 5574 liat
1361 5533 1528 5592 apprecatur.
1553 5523 1587 5575 iit
1608 5521 1653 5576 hic
1675 5528 1736 5573 erat

947 5596 1009 5648 ielis
1026 5595 1156 5647 hlricanae
1168 5589 1305 5648 'Ecclesiae
1316 5600 1411 5658 status,
1427 5609 1487 5662 quae
1501 5600 1560 5661 post
1573 5597 1611 5643 tot
1623 5588 1736 5642 calami-

948 5677 1018 5719 tates
1032 5664 1139 5718 tandem
1155 5662 1328 5716 barbarorum
1338 5665 1512 5731 oppressione
1525 5661 1645 5724 liberata,
1659 5657 1738 5720 brari

948 5736 1091 5793 riristinum
1106 5731 1274 5796 splerrdorom
1290 5734 1470 5795 recuperavit.
