<?xml version="1.0" encoding="UTF-8"?>
<!DOCTYPE html PUBLIC "-//W3C//DTD XHTML 1.0 Transitional//EN"
    "http://www.w3.org/TR/xhtml1/DTD/xhtml1-transitional.dtd">
<html xmlns="http://www.w3.org/1999/xhtml" xml:lang="en" lang="en">
 <head>
  <title>
</title>
<meta http-equiv="Content-Type" content="text/html;charset=utf-8" />
  <meta name='ocr-system' content='tesseract 3.04.00' />
  <meta name='ocr-capabilities' content='ocr_page ocr_carea ocr_par ocr_line ocrx_word'/>
</head>
<body>
  <div class='ocr_page' id='page_1' title='image "./patrologiaecurs99unkngoog_0324.png"; bbox 0 0 3810 6254; ppageno 0'>
   <div class='ocr_carea' id='block_1_1' title="bbox 81 278 129 340">
    <p class='ocr_par' dir='ltr' id='par_1_1' title="bbox 81 278 129 340">
     <span class='ocr_line' id='line_1_1' title="bbox 81 278 129 340; baseline -0.083 0"><span class='ocrx_word' id='word_1_1' title='bbox 81 278 129 340; x_wconf 83' lang='lat' dir='ltr'>ttt</span> 
     </span>
    </p>
   </div>
   <div class='ocr_carea' id='block_1_2' title="bbox 1 386 916 3898">
    <p class='ocr_par' dir='ltr' id='par_1_2' title="bbox 1 386 916 3149">
     <span class='ocr_line' id='line_1_2' title="bbox 83 386 916 464; baseline -0.007 -15"><span class='ocrx_word' id='word_1_2' title='bbox 83 391 280 452; x_wconf 75' lang='lat' dir='ltr'>¹llinetamen</span> <span class='ocrx_word' id='word_1_3' title='bbox 295 393 320 449; x_wconf 88' lang='lat' dir='ltr'>in</span> <span class='ocrx_word' id='word_1_4' title='bbox 332 391 449 464; x_wconf 84' lang='lat' dir='ltr'>jugulos.</span> <span class='ocrx_word' id='word_1_5' title='bbox 466 388 541 446; x_wconf 88' lang='lat' dir='ltr'>liene</span> <span class='ocrx_word' id='word_1_6' title='bbox 557 394 626 445; x_wconf 91' lang='lat' dir='ltr'>torta</span> <span class='ocrx_word' id='word_1_7' title='bbox 638 386 745 445; x_wconf 88' lang='lat' dir='ltr'>lalariea</span> <span class='ocrx_word' id='word_1_8' title='bbox 758 387 832 458; x_wconf 83' lang='lat' dir='ltr'>¹laetu</span> <span class='ocrx_word' id='word_1_9' title='bbox 889 391 916 450; x_wconf 75' lang='lat' dir='ltr'>A</span> 
     </span>
     <span class='ocr_line' id='line_1_3' title="bbox 83 482 790 552; baseline -0.007 -9"><span class='ocrx_word' id='word_1_10' title='bbox 83 486 215 552; x_wconf 63' lang='lat' dir='ltr'>Praeterit,</span> <span class='ocrx_word' id='word_1_11' title='bbox 230 487 263 543; x_wconf 89' lang='lat' dir='ltr'>ad</span> <span class='ocrx_word' id='word_1_12' title='bbox 280 497 392 542; x_wconf 90' lang='lat' dir='ltr'>mortem</span> <span class='ocrx_word' id='word_1_13' title='bbox 408 485 452 538; x_wconf 84' lang='lat' dir='ltr'>vix</span> <span class='ocrx_word' id='word_1_14' title='bbox 469 491 607 540; x_wconf 75' lang='lat' dir='ltr'>cessatura</span> <span class='ocrx_word' id='word_1_15' title='bbox 622 482 767 538; x_wconf 85' lang='lat' dir='ltr'>secundam</span> <span class='ocrx_word' id='word_1_16' title='bbox 783 500 790 538; x_wconf 81' lang='lat' dir='ltr'>a</span> 
     </span>
     <span class='ocr_line' id='line_1_4' title="bbox 84 575 781 648; baseline -0.007 -12"><span class='ocrx_word' id='word_1_17' title='bbox 84 580 159 637; x_wconf 93' lang='lat' dir='ltr'>llnne</span> <span class='ocrx_word' id='word_1_18' title='bbox 172 581 244 636; x_wconf 92' lang='lat' dir='ltr'>conti</span> <span class='ocrx_word' id='word_1_19' title='bbox 260 587 329 635; x_wconf 91' lang='lat' dir='ltr'>rotat</span> <span class='ocrx_word' id='word_1_20' title='bbox 344 580 423 644; x_wconf 91' lang='lat' dir='ltr'>ictus,</span> <span class='ocrx_word' id='word_1_21' title='bbox 439 590 509 648; x_wconf 92' lang='lat' dir='ltr'>equo</span> <span class='ocrx_word' id='word_1_22' title='bbox 523 576 576 632; x_wconf 93' lang='lat' dir='ltr'>ruit</span> <span class='ocrx_word' id='word_1_23' title='bbox 590 575 677 632; x_wconf 89' lang='lat' dir='ltr'>aclide</span> <span class='ocrx_word' id='word_1_24' title='bbox 692 575 781 631; x_wconf 89' lang='lat' dir='ltr'>iussus</span> 
     </span>
     <span class='ocr_line' id='line_1_5' title="bbox 1 670 758 748; baseline -0.005 -18"><span class='ocrx_word' id='word_1_25' title='bbox 1 735 2 741; x_wconf 7' lang='grc' dir='ltr'>ἵ</span> <span class='ocrx_word' id='word_1_26' title='bbox 83 674 139 741; x_wconf 87' lang='lat' dir='ltr'>llle,</span> <span class='ocrx_word' id='word_1_27' title='bbox 153 688 271 746; x_wconf 84' lang='lat' dir='ltr'>remque</span> <span class='ocrx_word' id='word_1_28' title='bbox 282 673 366 738; x_wconf 89' lang='lat' dir='ltr'>alius;</span> <span class='ocrx_word' id='word_1_29' title='bbox 379 671 451 748; x_wconf 83' lang='lat' dir='ltr'>jacet</span> <span class='ocrx_word' id='word_1_30' title='bbox 465 671 509 727; x_wconf 93' lang='lat' dir='ltr'>hie</span> <span class='ocrx_word' id='word_1_31' title='bbox 522 670 604 727; x_wconf 87' lang='lat' dir='ltr'>simul</span> <span class='ocrx_word' id='word_1_32' title='bbox 617 670 681 727; x_wconf 91' lang='lat' dir='ltr'>alite</span> <span class='ocrx_word' id='word_1_33' title='bbox 694 671 758 736; x_wconf 90' lang='lat' dir='ltr'>telo,</span> 
     </span>
     <span class='ocr_line' id='line_1_6' title="bbox 82 761 768 834; baseline -0.01 -11"><span class='ocrx_word' id='word_1_34' title='bbox 82 765 228 823; x_wconf 80' lang='lat' dir='ltr'>Absentem</span> <span class='ocrx_word' id='word_1_35' title='bbox 240 778 335 834; x_wconf 87' lang='lat' dir='ltr'>passus</span> <span class='ocrx_word' id='word_1_36' title='bbox 346 763 485 829; x_wconf 79' lang='lat' dir='ltr'>dextram3</span> <span class='ocrx_word' id='word_1_37' title='bbox 502 777 562 832; x_wconf 90' lang='lat' dir='ltr'>pars</span> <span class='ocrx_word' id='word_1_38' title='bbox 579 761 678 832; x_wconf 78' lang='lat' dir='ltr'>poplite</span> <span class='ocrx_word' id='word_1_39' title='bbox 693 769 768 818; x_wconf 86' lang='lat' dir='ltr'>secto</span> 
     </span>
     <span class='ocr_line' id='line_1_7' title="bbox 82 855 751 926; baseline -0.004 -13"><span class='ocrx_word' id='word_1_40' title='bbox 82 857 174 913; x_wconf 88' lang='lat' dir='ltr'>llortis</span> <span class='ocrx_word' id='word_1_41' title='bbox 187 855 220 912; x_wconf 89' lang='lat' dir='ltr'>ad</span> <span class='ocrx_word' id='word_1_42' title='bbox 235 856 362 913; x_wconf 83' lang='lat' dir='ltr'>inuidiam</span> <span class='ocrx_word' id='word_1_43' title='bbox 373 856 458 922; x_wconf 76' lang='lat' dir='ltr'>ririt3</span> <span class='ocrx_word' id='word_1_44' title='bbox 475 864 632 926; x_wconf 89' lang='lat' dir='ltr'>partemque</span> <span class='ocrx_word' id='word_1_45' title='bbox 646 855 751 912; x_wconf 79' lang='lat' dir='ltr'>cerebri</span> 
     </span>
     <span class='ocr_line' id='line_1_8' title="bbox 83 948 734 1021; baseline 0 -17"><span class='ocrx_word' id='word_1_46' title='bbox 83 948 132 1005; x_wconf 90' lang='lat' dir='ltr'>llic</span> <span class='ocrx_word' id='word_1_47' title='bbox 145 949 230 1021; x_wconf 73' lang='lat' dir='ltr'>galeas</span> <span class='ocrx_word' id='word_1_48' title='bbox 241 964 302 1006; x_wconf 92' lang='lat' dir='ltr'>eum</span> <span class='ocrx_word' id='word_1_49' title='bbox 317 959 392 1020; x_wconf 89' lang='lat' dir='ltr'>parte</span> <span class='ocrx_word' id='word_1_50' title='bbox 408 951 488 1020; x_wconf 88' lang='lat' dir='ltr'>rapit,</span> <span class='ocrx_word' id='word_1_51' title='bbox 504 950 622 1020; x_wconf 86' lang='lat' dir='ltr'>sortique</span> <span class='ocrx_word' id='word_1_52' title='bbox 633 951 734 1005; x_wconf 92' lang='lat' dir='ltr'>lacerto</span> 
     </span>
     <span class='ocr_line' id='line_1_9' title="bbox 81 1040 695 1114; baseline 0.002 -17"><span class='ocrx_word' id='word_1_53' title='bbox 81 1040 191 1098; x_wconf 86' lang='lat' dir='ltr'>bissicit</span> <span class='ocrx_word' id='word_1_54' title='bbox 205 1042 314 1114; x_wconf 85' lang='lat' dir='ltr'>ancipiti</span> <span class='ocrx_word' id='word_1_55' title='bbox 327 1043 478 1099; x_wconf 78' lang='lat' dir='ltr'>miserabile</span> <span class='ocrx_word' id='word_1_56' title='bbox 492 1043 609 1114; x_wconf 79' lang='lat' dir='ltr'><strong>sinciput</strong></span> <span class='ocrx_word' id='word_1_57' title='bbox 619 1059 695 1100; x_wconf 90' lang='lat' dir='ltr'>cnse.</span> 
     </span>
     <span class='ocr_line' id='line_1_10' title="bbox 81 1131 773 1208; baseline -0.001 -17"><span class='ocrx_word' id='word_1_58' title='bbox 81 1131 117 1191; x_wconf 86' lang='lat' dir='ltr'>tn</span> <span class='ocrx_word' id='word_1_59' title='bbox 132 1135 248 1204; x_wconf 91' lang='lat' dir='ltr'>primum</span> <span class='ocrx_word' id='word_1_60' title='bbox 261 1135 347 1192; x_wconf 81' lang='lat' dir='ltr'>uersis</span> <span class='ocrx_word' id='word_1_61' title='bbox 360 1136 406 1192; x_wconf 88' lang='lat' dir='ltr'>dat</span> <span class='ocrx_word' id='word_1_62' title='bbox 417 1145 521 1208; x_wconf 89' lang='lat' dir='ltr'>tergum</span> <span class='ocrx_word' id='word_1_63' title='bbox 532 1135 667 1192; x_wconf 84' lang='lat' dir='ltr'>Vandalus</span> <span class='ocrx_word' id='word_1_64' title='bbox 681 1134 773 1205; x_wconf 89' lang='lat' dir='ltr'>armis,</span> 
     </span>
     <span class='ocr_line' id='line_1_11' title="bbox 80 1225 682 1300; baseline 0.002 -17"><span class='ocrx_word' id='word_1_65' title='bbox 80 1225 206 1284; x_wconf 85' lang='lat' dir='ltr'>Succedit</span> <span class='ocrx_word' id='word_1_66' title='bbox 215 1228 303 1285; x_wconf 81' lang='lat' dir='ltr'>caedes</span> <span class='ocrx_word' id='word_1_67' title='bbox 320 1244 415 1300; x_wconf 79' lang='lat' dir='ltr'>pugne</span> <span class='ocrx_word' id='word_1_68' title='bbox 429 1230 586 1286; x_wconf 89' lang='lat' dir='ltr'>discrimine</span> <span class='ocrx_word' id='word_1_69' title='bbox 599 1230 682 1286; x_wconf 91' lang='lat' dir='ltr'>nullo.</span> 
     </span>
     <span class='ocr_line' id='line_1_12' title="bbox 79 1317 740 1394; baseline 0.005 -19"><span class='ocrx_word' id='word_1_70' title='bbox 79 1317 241 1375; x_wconf 88' lang='lat' dir='ltr'>Sternuntur</span> <span class='ocrx_word' id='word_1_71' title='bbox 255 1321 353 1390; x_wconf 88' lang='lat' dir='ltr'>passim</span> <span class='ocrx_word' id='word_1_72' title='bbox 365 1321 478 1390; x_wconf 90' lang='lat' dir='ltr'>campis,</span> <span class='ocrx_word' id='word_1_73' title='bbox 493 1329 521 1376; x_wconf 94' lang='lat' dir='ltr'>et</span> <span class='ocrx_word' id='word_1_74' title='bbox 533 1320 611 1376; x_wconf 87' lang='lat' dir='ltr'>sortia</span> <span class='ocrx_word' id='word_1_75' title='bbox 627 1336 740 1394; x_wconf 89' lang='lat' dir='ltr'>quaeque</span> 
     </span>
     <span class='ocr_line' id='line_1_13' title="bbox 80 1409 821 1484; baseline 0.005 -17"><span class='ocrx_word' id='word_1_76' title='bbox 80 1409 154 1469; x_wconf 81' lang='lat' dir='ltr'>Fecit</span> <span class='ocrx_word' id='word_1_77' title='bbox 167 1413 239 1468; x_wconf 91' lang='lat' dir='ltr'>iners</span> <span class='ocrx_word' id='word_1_78' title='bbox 254 1414 403 1483; x_wconf 74' lang='lat' dir='ltr'>trepidante</span> <span class='ocrx_word' id='word_1_79' title='bbox 418 1413 496 1484; x_wconf 88' lang='lat' dir='ltr'>luga;</span> <span class='ocrx_word' id='word_1_80' title='bbox 513 1429 586 1469; x_wconf 83' lang='lat' dir='ltr'>nrare</span> <span class='ocrx_word' id='word_1_81' title='bbox 602 1414 716 1484; x_wconf 90' lang='lat' dir='ltr'>pallidus</span> <span class='ocrx_word' id='word_1_82' title='bbox 729 1415 821 1484; x_wconf 87' lang='lat' dir='ltr'>intrat,</span> 
     </span>
     <span class='ocr_line' id='line_1_14' title="bbox 80 1503 721 1577; baseline 0.003 -17"><span class='ocrx_word' id='word_1_83' title='bbox 80 1503 114 1560; x_wconf 85' lang='lat' dir='ltr'>Et</span> <span class='ocrx_word' id='word_1_84' title='bbox 127 1519 210 1562; x_wconf 84' lang='lat' dir='ltr'>naves</span> <span class='ocrx_word' id='word_1_85' title='bbox 223 1506 367 1576; x_wconf 78' lang='lat' dir='ltr'>pertransit</span> <span class='ocrx_word' id='word_1_86' title='bbox 380 1521 473 1576; x_wconf 86' lang='lat' dir='ltr'><strong>eques,</strong></span> <span class='ocrx_word' id='word_1_87' title='bbox 491 1507 614 1577; x_wconf 90' lang='lat' dir='ltr'>turpique</span> <span class='ocrx_word' id='word_1_88' title='bbox 627 1515 721 1562; x_wconf 89' lang='lat' dir='ltr'>natatu</span> 
     </span>
     <span class='ocr_line' id='line_1_15' title="bbox 80 1595 780 1673; baseline 0.004 -21"><span class='ocrx_word' id='word_1_89' title='bbox 80 1595 119 1654; x_wconf 83' lang='lat' dir='ltr'>De</span> <span class='ocrx_word' id='word_1_90' title='bbox 131 1595 226 1670; x_wconf 83' lang='lat' dir='ltr'>pelago</span> <span class='ocrx_word' id='word_1_91' title='bbox 238 1597 271 1653; x_wconf 91' lang='lat' dir='ltr'>ad</span> <span class='ocrx_word' id='word_1_92' title='bbox 287 1598 410 1670; x_wconf 82' lang='lat' dir='ltr'>cymbam</span> <span class='ocrx_word' id='word_1_93' title='bbox 426 1599 514 1655; x_wconf 90' lang='lat' dir='ltr'>rediit.</span> <span class='ocrx_word' id='word_1_94' title='bbox 531 1600 577 1655; x_wconf 92' lang='lat' dir='ltr'>Sic</span> <span class='ocrx_word' id='word_1_95' title='bbox 593 1600 669 1655; x_wconf 87' lang='lat' dir='ltr'>tertia</span> <span class='ocrx_word' id='word_1_96' title='bbox 682 1599 780 1673; x_wconf 70' lang='lat' dir='ltr'>Pyrrhi</span> 
     </span>
     <span class='ocr_line' id='line_1_16' title="bbox 80 1688 844 1764; baseline 0 -14"><span class='ocrx_word' id='word_1_97' title='bbox 80 1692 219 1760; x_wconf 83' lang='lat' dir='ltr'>Quondam</span> <span class='ocrx_word' id='word_1_98' title='bbox 233 1708 320 1764; x_wconf 88' lang='lat' dir='ltr'>pugna</span> <span class='ocrx_word' id='word_1_99' title='bbox 332 1693 392 1760; x_wconf 87' lang='lat' dir='ltr'>luit,</span> <span class='ocrx_word' id='word_1_100' title='bbox 411 1694 488 1750; x_wconf 77' lang='lat' dir='ltr'>caesis</span> <span class='ocrx_word' id='word_1_101' title='bbox 502 1709 563 1750; x_wconf 92' lang='lat' dir='ltr'>eum</span> <span class='ocrx_word' id='word_1_102' title='bbox 578 1694 695 1750; x_wconf 92' lang='lat' dir='ltr'>millibus</span> <span class='ocrx_word' id='word_1_103' title='bbox 708 1695 784 1750; x_wconf 84' lang='lat' dir='ltr'>illrum</span> <span class='ocrx_word' id='word_1_104' title='bbox 839 1688 844 1693; x_wconf 78' lang='grc'><strong>’</strong></span> 
     </span>
     <span class='ocr_line' id='line_1_17' title="bbox 79 1773 913 1857; baseline 0.002 -18"><span class='ocrx_word' id='word_1_105' title='bbox 79 1783 209 1841; x_wconf 75' lang='lat' dir='ltr'>Dentatus</span> <span class='ocrx_word' id='word_1_106' title='bbox 222 1794 372 1854; x_wconf 90' lang='lat' dir='ltr'>premeret;</span> <span class='ocrx_word' id='word_1_107' title='bbox 387 1784 541 1840; x_wconf 74' lang='lat' dir='ltr'>lacerantis</span> <span class='ocrx_word' id='word_1_108' title='bbox 555 1786 682 1857; x_wconf 77' lang='lat' dir='ltr'>fragmina</span> <span class='ocrx_word' id='word_1_109' title='bbox 698 1782 793 1841; x_wconf 90' lang='lat' dir='ltr'>elassis</span> <span class='ocrx_word' id='word_1_110' title='bbox 889 1773 913 1832; x_wconf 87' lang='grc' dir='ltr'><strong>Β</strong></span> 
     </span>
     <span class='ocr_line' id='line_1_18' title="bbox 79 1875 804 1949; baseline 0.004 -17"><span class='ocrx_word' id='word_1_111' title='bbox 79 1875 173 1932; x_wconf 83' lang='lat' dir='ltr'>Traxit</span> <span class='ocrx_word' id='word_1_112' title='bbox 188 1878 214 1933; x_wconf 89' lang='lat' dir='ltr'>in</span> <span class='ocrx_word' id='word_1_113' title='bbox 229 1877 350 1949; x_wconf 81' lang='lat' dir='ltr'>Epirum,</span> <span class='ocrx_word' id='word_1_114' title='bbox 367 1879 411 1949; x_wconf 89' lang='lat' dir='ltr'>qui</span> <span class='ocrx_word' id='word_1_115' title='bbox 424 1877 548 1934; x_wconf 90' lang='lat' dir='ltr'>Chaonas</span> <span class='ocrx_word' id='word_1_116' title='bbox 561 1890 641 1949; x_wconf 91' lang='lat' dir='ltr'>atque</span> <span class='ocrx_word' id='word_1_117' title='bbox 652 1880 804 1947; x_wconf 71' lang='lat' dir='ltr'>Molossos?</span> 
     </span>
     <span class='ocr_line' id='line_1_19' title="bbox 79 1967 873 2042; baseline 0.009 -20"><span class='ocrx_word' id='word_1_118' title='bbox 79 1967 130 2037; x_wconf 82' lang='lat' dir='ltr'>Qui</span> <span class='ocrx_word' id='word_1_119' title='bbox 143 1968 288 2036; x_wconf 88' lang='lat' dir='ltr'>Thracum,</span> <span class='ocrx_word' id='word_1_120' title='bbox 306 1971 490 2040; x_wconf 76' lang='lat' dir='ltr'>Macetumque</span> <span class='ocrx_word' id='word_1_121' title='bbox 505 1986 600 2026; x_wconf 78' lang='lat' dir='ltr'>mantes</span> <span class='ocrx_word' id='word_1_122' title='bbox 618 1987 666 2042; x_wconf 93' lang='lat' dir='ltr'>per</span> <span class='ocrx_word' id='word_1_123' title='bbox 681 1972 770 2029; x_wconf 90' lang='lat' dir='ltr'>littera</span> <span class='ocrx_word' id='word_1_124' title='bbox 782 1982 873 2029; x_wconf 89' lang='lat' dir='ltr'>nostra</span> 
     </span>
     <span class='ocr_line' id='line_1_20' title="bbox 79 2059 710 2134; baseline 0.006 -17"><span class='ocrx_word' id='word_1_125' title='bbox 79 2059 231 2132; x_wconf 77' lang='lat' dir='ltr'>Sparserat,</span> <span class='ocrx_word' id='word_1_126' title='bbox 246 2071 273 2117; x_wconf 89' lang='lat' dir='ltr'>ct</span> <span class='ocrx_word' id='word_1_127' title='bbox 283 2062 359 2131; x_wconf 86' lang='lat' dir='ltr'>enjns</span> <span class='ocrx_word' id='word_1_128' title='bbox 372 2063 444 2118; x_wconf 83' lang='lat' dir='ltr'>uires</span> <span class='ocrx_word' id='word_1_129' title='bbox 455 2062 582 2119; x_wconf 84' lang='lat' dir='ltr'>OEnotria</span> <span class='ocrx_word' id='word_1_130' title='bbox 598 2065 710 2134; x_wconf 86' lang='lat' dir='ltr'>pallens,</span> 
     </span>
     <span class='ocr_line' id='line_1_21' title="bbox 79 2151 827 2224; baseline 0.005 -14"><span class='ocrx_word' id='word_1_131' title='bbox 79 2151 201 2224; x_wconf 87' lang='lat' dir='ltr'>ipsaque,</span> <span class='ocrx_word' id='word_1_132' title='bbox 217 2169 277 2224; x_wconf 83' lang='lat' dir='ltr'>quc</span> <span class='ocrx_word' id='word_1_133' title='bbox 292 2153 378 2224; x_wconf 92' lang='lat' dir='ltr'>petiit,</span> <span class='ocrx_word' id='word_1_134' title='bbox 395 2154 574 2223; x_wconf 80' lang='lat' dir='ltr'>trepidaverat</span> <span class='ocrx_word' id='word_1_135' title='bbox 587 2166 667 2212; x_wconf 91' lang='lat' dir='ltr'>uncta</span> <span class='ocrx_word' id='word_1_136' title='bbox 683 2158 827 2215; x_wconf 74' lang='lat' dir='ltr'>Tarentus.</span> 
     </span>
     <span class='ocr_line' id='line_1_22' title="bbox 79 2243 874 2317; baseline 0.011 -19"><span class='ocrx_word' id='word_1_137' title='bbox 79 2243 159 2315; x_wconf 75' lang='lat'>323</span> <span class='ocrx_word' id='word_1_138' title='bbox 172 2244 297 2300; x_wconf 90' lang='lat' dir='ltr'>llostihus</span> <span class='ocrx_word' id='word_1_139' title='bbox 309 2246 569 2317; x_wconf 83' lang='lat' dir='ltr'>expulsis,caurpum</span> <span class='ocrx_word' id='word_1_140' title='bbox 585 2249 629 2316; x_wconf 91' lang='lat' dir='ltr'>qui</span> <span class='ocrx_word' id='word_1_141' title='bbox 643 2250 775 2306; x_wconf 80' lang='lat' dir='ltr'>maximus</span> <span class='ocrx_word' id='word_1_142' title='bbox 787 2257 874 2307; x_wconf 73' lang='lat' dir='ltr'>eistat</span> 
     </span>
     <span class='ocr_line' id='line_1_23' title="bbox 78 2334 768 2410; baseline 0.006 -18"><span class='ocrx_word' id='word_1_143' title='bbox 78 2334 137 2392; x_wconf 83' lang='lat' dir='ltr'>iam</span> <span class='ocrx_word' id='word_1_144' title='bbox 147 2339 262 2392; x_wconf 88' lang='lat' dir='ltr'>lustrare</span> <span class='ocrx_word' id='word_1_145' title='bbox 276 2345 353 2393; x_wconf 84' lang='lat' dir='ltr'>vacat</span> <span class='ocrx_word' id='word_1_146' title='bbox 368 2355 374 2390; x_wconf 92' lang='lat'>:</span> <span class='ocrx_word' id='word_1_147' title='bbox 389 2338 481 2394; x_wconf 83' lang='lat' dir='ltr'>uidens</span> <span class='ocrx_word' id='word_1_148' title='bbox 495 2338 539 2393; x_wconf 92' lang='lat' dir='ltr'>hie</span> <span class='ocrx_word' id='word_1_149' title='bbox 550 2348 638 2410; x_wconf 78' lang='lat' dir='ltr'>strage</span> <span class='ocrx_word' id='word_1_150' title='bbox 649 2339 698 2396; x_wconf 91' lang='lat' dir='ltr'>sub</span> <span class='ocrx_word' id='word_1_151' title='bbox 713 2342 768 2409; x_wconf 89' lang='lat' dir='ltr'>illa,</span> 
     </span>
     <span class='ocr_line' id='line_1_24' title="bbox 79 2425 793 2500; baseline 0.006 -16"><span class='ocrx_word' id='word_1_152' title='bbox 79 2425 259 2498; x_wconf 76' lang='lat' dir='ltr'>&#39;itrorumque</span> <span class='ocrx_word' id='word_1_153' title='bbox 270 2430 391 2493; x_wconf 89' lang='lat' dir='ltr'>animos;</span> <span class='ocrx_word' id='word_1_154' title='bbox 406 2430 495 2484; x_wconf 93' lang='lat' dir='ltr'>nullus</span> <span class='ocrx_word' id='word_1_155' title='bbox 509 2444 562 2484; x_wconf 91' lang='lat' dir='ltr'>nen</span> <span class='ocrx_word' id='word_1_156' title='bbox 574 2441 683 2500; x_wconf 91' lang='lat' dir='ltr'>pectore</span> <span class='ocrx_word' id='word_1_157' title='bbox 698 2446 793 2500; x_wconf 82' lang='lat' dir='ltr'>caesus,</span> 
     </span>
     <span class='ocr_line' id='line_1_25' title="bbox 80 2521 783 2595; baseline 0.009 -19"><span class='ocrx_word' id='word_1_158' title='bbox 80 2521 203 2591; x_wconf 71' lang='lat' dir='ltr'>Quisquis</span> <span class='ocrx_word' id='word_1_159' title='bbox 217 2530 308 2578; x_wconf 82' lang='lat' dir='ltr'>vester</span> <span class='ocrx_word' id='word_1_160' title='bbox 318 2530 393 2586; x_wconf 89' lang='lat' dir='ltr'>crat;</span> <span class='ocrx_word' id='word_1_161' title='bbox 409 2523 496 2577; x_wconf 90' lang='lat' dir='ltr'>nullus</span> <span class='ocrx_word' id='word_1_162' title='bbox 512 2539 565 2578; x_wconf 94' lang='lat' dir='ltr'>nnn</span> <span class='ocrx_word' id='word_1_163' title='bbox 582 2534 656 2592; x_wconf 83' lang='lat' dir='ltr'>terga</span> <span class='ocrx_word' id='word_1_164' title='bbox 671 2523 783 2595; x_wconf 87' lang='lat' dir='ltr'>iuratus,</span> 
     </span>
     <span class='ocr_line' id='line_1_26' title="bbox 79 2612 751 2686; baseline 0.009 -18"><span class='ocrx_word' id='word_1_165' title='bbox 79 2612 185 2668; x_wconf 89' lang='lat' dir='ltr'>illerum</span> <span class='ocrx_word' id='word_1_166' title='bbox 201 2613 338 2684; x_wconf 91' lang='lat' dir='ltr'>quisquis;</span> <span class='ocrx_word' id='word_1_167' title='bbox 355 2615 472 2669; x_wconf 90' lang='lat' dir='ltr'>clamant</span> <span class='ocrx_word' id='word_1_168' title='bbox 485 2615 535 2671; x_wconf 91' lang='lat' dir='ltr'>boe</span> <span class='ocrx_word' id='word_1_169' title='bbox 547 2617 658 2672; x_wconf 81' lang='lat' dir='ltr'>attinere</span> <span class='ocrx_word' id='word_1_170' title='bbox 674 2620 751 2686; x_wconf 87' lang='lat' dir='ltr'>primi</span> 
     </span>
     <span class='ocr_line' id='line_1_27' title="bbox 77 2700 747 2781; baseline 0.012 -23"><span class='ocrx_word' id='word_1_171' title='bbox 77 2700 263 2760; x_wconf 78' lang='lat' dir='ltr'>bPraedonum</span> <span class='ocrx_word' id='word_1_172' title='bbox 279 2714 335 2760; x_wconf 88' lang='lat' dir='ltr'>tum</span> <span class='ocrx_word' id='word_1_173' title='bbox 346 2706 416 2762; x_wconf 86' lang='lat' dir='ltr'>sorte</span> <span class='ocrx_word' id='word_1_174' title='bbox 429 2707 514 2775; x_wconf 91' lang='lat' dir='ltr'>ducis,</span> <span class='ocrx_word' id='word_1_175' title='bbox 531 2708 574 2763; x_wconf 91' lang='lat' dir='ltr'>cui</span> <span class='ocrx_word' id='word_1_176' title='bbox 590 2710 659 2778; x_wconf 85' lang='lat' dir='ltr'>regis</span> <span class='ocrx_word' id='word_1_177' title='bbox 674 2712 747 2781; x_wconf 75' lang='lat' dir='ltr'>arari</span> 
     </span>
     <span class='ocr_line' id='line_1_28' title="bbox 77 2795 714 2872; baseline 0.009 -18"><span class='ocrx_word' id='word_1_178' title='bbox 77 2795 207 2854; x_wconf 75' lang='lat' dir='ltr'>Narratur</span> <span class='ocrx_word' id='word_1_179' title='bbox 220 2800 343 2870; x_wconf 76' lang='lat' dir='ltr'>nupsisse</span> <span class='ocrx_word' id='word_1_180' title='bbox 357 2816 443 2871; x_wconf 92' lang='lat' dir='ltr'>soror,</span> <span class='ocrx_word' id='word_1_181' title='bbox 461 2803 506 2872; x_wconf 90' lang='lat' dir='ltr'>qui</span> <span class='ocrx_word' id='word_1_182' title='bbox 522 2803 631 2872; x_wconf 85' lang='lat' dir='ltr'>puluere</span> <span class='ocrx_word' id='word_1_183' title='bbox 642 2819 714 2860; x_wconf 82' lang='lat' dir='ltr'>caeo</span> 
     </span>
     <span class='ocr_line' id='line_1_29' title="bbox 79 2889 652 2968; baseline 0.01 -20"><span class='ocrx_word' id='word_1_184' title='bbox 79 2889 201 2959; x_wconf 79' lang='lat' dir='ltr'>clausus,</span> <span class='ocrx_word' id='word_1_185' title='bbox 216 2895 336 2950; x_wconf 88' lang='lat' dir='ltr'>ctelisus</span> <span class='ocrx_word' id='word_1_186' title='bbox 351 2895 421 2966; x_wconf 91' lang='lat' dir='ltr'>pilis,</span> <span class='ocrx_word' id='word_1_187' title='bbox 439 2898 552 2968; x_wconf 74' lang='lat' dir='ltr'>vestigia</span> <span class='ocrx_word' id='word_1_188' title='bbox 567 2899 652 2968; x_wconf 88' lang='lat' dir='ltr'>turpis</span> 
     </span>
     <span class='ocr_line' id='line_1_30' title="bbox 78 2983 791 3062; baseline 0.013 -21"><span class='ocrx_word' id='word_1_189' title='bbox 78 2983 169 3042; x_wconf 84' lang='lat' dir='ltr'>Ge&#39;stat</span> <span class='ocrx_word' id='word_1_190' title='bbox 183 2986 269 3044; x_wconf 90' lang='lat' dir='ltr'>adlrue</span> <span class='ocrx_word' id='word_1_191' title='bbox 285 2990 413 3058; x_wconf 88' lang='lat' dir='ltr'>probrosa</span> <span class='ocrx_word' id='word_1_192' title='bbox 429 2989 515 3059; x_wconf 57' lang='lat' dir='ltr'>lugam</span> <span class='ocrx_word' id='word_1_193' title='bbox 530 2991 569 3046; x_wconf 92' lang='lat' dir='ltr'>sie</span> <span class='ocrx_word' id='word_1_194' title='bbox 583 2993 688 3062; x_wconf 87' lang='lat' dir='ltr'>agmina</span> <span class='ocrx_word' id='word_1_195' title='bbox 704 3003 791 3050; x_wconf 84' lang='lat' dir='ltr'>vestra</span> 
     </span>
     <span class='ocr_line' id='line_1_31' title="bbox 77 3076 836 3149; baseline 0.009 -13"><span class='ocrx_word' id='word_1_196' title='bbox 77 3076 141 3136; x_wconf 76' lang='lat' dir='ltr'>Cum</span> <span class='ocrx_word' id='word_1_197' title='bbox 156 3080 250 3149; x_wconf 89' lang='lat' dir='ltr'>spoliis</span> <span class='ocrx_word' id='word_1_198' title='bbox 263 3095 387 3149; x_wconf 91' lang='lat' dir='ltr'>eampum</span> <span class='ocrx_word' id='word_1_199' title='bbox 403 3082 531 3148; x_wconf 86' lang='lat' dir='ltr'>retinent,</span> <span class='ocrx_word' id='word_1_200' title='bbox 544 3090 571 3138; x_wconf 93' lang='lat' dir='ltr'>ct</span> <span class='ocrx_word' id='word_1_201' title='bbox 587 3085 672 3140; x_wconf 88' lang='lat' dir='ltr'>hiarte</span> <span class='ocrx_word' id='word_1_202' title='bbox 688 3085 836 3144; x_wconf 76' lang='lat' dir='ltr'>frenarunt</span> 
     </span>
    </p>

    <p class='ocr_par' dir='ltr' id='par_1_3' title="bbox 74 3171 868 3624">
     <span class='ocr_line' id='line_1_32' title="bbox 111 3171 746 3253; baseline 0.014 -27"><span class='ocrx_word' id='word_1_203' title='bbox 111 3180 124 3212; x_wconf 61' lang='grc' dir='ltr'>ι</span> <span class='ocrx_word' id='word_1_204' title='bbox 138 3171 242 3229; x_wconf 79' lang='lat' dir='ltr'>Interea</span> <span class='ocrx_word' id='word_1_205' title='bbox 256 3173 354 3253; x_wconf 83' lang='lat' dir='ltr'>duplici</span> <span class='ocrx_word' id='word_1_206' title='bbox 370 3175 438 3229; x_wconf 80' lang='lat' dir='ltr'>texis</span> <span class='ocrx_word' id='word_1_207' title='bbox 452 3174 516 3229; x_wconf 82' lang='lat' dir='ltr'>druna</span> <span class='ocrx_word' id='word_1_208' title='bbox 532 3177 619 3232; x_wconf 91' lang='lat' dir='ltr'>littore</span> <span class='ocrx_word' id='word_1_209' title='bbox 633 3180 746 3235; x_wconf 83' lang='lat' dir='ltr'>edessem</span> 
     </span>
     <span class='ocr_line' id='line_1_33' title="bbox 74 3263 773 3342; baseline 0.013 -23"><span class='ocrx_word' id='word_1_210' title='bbox 74 3263 183 3321; x_wconf 86' lang='lat' dir='ltr'>interno</span> <span class='ocrx_word' id='word_1_211' title='bbox 195 3278 347 3336; x_wconf 90' lang='lat' dir='ltr'>superoque</span> <span class='ocrx_word' id='word_1_212' title='bbox 359 3266 436 3331; x_wconf 82' lang='lat' dir='ltr'>anari,</span> <span class='ocrx_word' id='word_1_213' title='bbox 450 3267 522 3322; x_wconf 89' lang='lat' dir='ltr'>cadit</span> <span class='ocrx_word' id='word_1_214' title='bbox 536 3270 624 3323; x_wconf 80' lang='lat' dir='ltr'>enutris</span> <span class='ocrx_word' id='word_1_215' title='bbox 639 3271 666 3324; x_wconf 91' lang='lat' dir='ltr'>in</span> <span class='ocrx_word' id='word_1_216' title='bbox 681 3287 773 3342; x_wconf 78' lang='lat' dir='ltr'>aequor</span> 
     </span>
     <span class='ocr_line' id='line_1_34' title="bbox 77 3359 799 3434; baseline 0.01 -17"><span class='ocrx_word' id='word_1_217' title='bbox 77 3359 147 3417; x_wconf 80' lang='lat' dir='ltr'>Silta</span> <span class='ocrx_word' id='word_1_218' title='bbox 162 3360 220 3425; x_wconf 88' lang='lat' dir='ltr'>tibi,</span> <span class='ocrx_word' id='word_1_219' title='bbox 237 3359 403 3431; x_wconf 91' lang='lat' dir='ltr'>nimiumque</span> <span class='ocrx_word' id='word_1_220' title='bbox 416 3361 461 3416; x_wconf 91' lang='lat' dir='ltr'>diu</span> <span class='ocrx_word' id='word_1_221' title='bbox 476 3377 525 3431; x_wconf 93' lang='lat' dir='ltr'>per</span> <span class='ocrx_word' id='word_1_222' title='bbox 538 3370 682 3434; x_wconf 92' lang='lat' dir='ltr'>utrumqne</span> <span class='ocrx_word' id='word_1_223' title='bbox 697 3368 799 3424; x_wconf 88' lang='lat' dir='ltr'>recisus</span> 
     </span>
     <span class='ocr_line' id='line_1_35' title="bbox 76 3452 677 3527; baseline 0.01 -19"><span class='ocrx_word' id='word_1_224' title='bbox 76 3453 216 3524; x_wconf 76' lang='lat' dir='ltr'>apennine</span> <span class='ocrx_word' id='word_1_225' title='bbox 229 3452 310 3519; x_wconf 90' lang='lat' dir='ltr'>latus,</span> <span class='ocrx_word' id='word_1_226' title='bbox 326 3453 467 3525; x_wconf 83' lang='lat' dir='ltr'>navalique</span> <span class='ocrx_word' id='word_1_227' title='bbox 481 3456 578 3513; x_wconf 90' lang='lat' dir='ltr'>arbore</span> <span class='ocrx_word' id='word_1_228' title='bbox 591 3457 677 3527; x_wconf 73' lang='lat' dir='ltr'>(lires,</span> 
     </span>
     <span class='ocr_line' id='line_1_36' title="bbox 76 3542 868 3624; baseline 0.011 -23"><span class='ocrx_word' id='word_1_229' title='bbox 76 3542 133 3601; x_wconf 74' lang='lat' dir='ltr'>den</span> <span class='ocrx_word' id='word_1_230' title='bbox 148 3544 237 3600; x_wconf 90' lang='lat' dir='ltr'>minus</span> <span class='ocrx_word' id='word_1_231' title='bbox 252 3544 280 3600; x_wconf 92' lang='lat' dir='ltr'>iu</span> <span class='ocrx_word' id='word_1_232' title='bbox 295 3545 405 3617; x_wconf 87' lang='lat' dir='ltr'>pelagus</span> <span class='ocrx_word' id='word_1_233' title='bbox 421 3562 572 3615; x_wconf 91' lang='lat' dir='ltr'>nemorum,</span> <span class='ocrx_word' id='word_1_234' title='bbox 589 3564 667 3620; x_wconf 90' lang='lat' dir='ltr'>quam</span> <span class='ocrx_word' id='word_1_235' title='bbox 688 3551 770 3609; x_wconf 88' lang='lat' dir='ltr'>mittis</span> <span class='ocrx_word' id='word_1_236' title='bbox 785 3569 868 3624; x_wconf 90' lang='lat' dir='ltr'>aqna·</span> 
     </span>
    </p>

    <p class='ocr_par' dir='ltr' id='par_1_4' title="bbox 787 3647 867 3720">
     <span class='ocr_line' id='line_1_37' title="bbox 787 3647 867 3720; baseline 0.038 -21"><span class='ocrx_word' id='word_1_237' title='bbox 787 3647 867 3720; x_wconf 67' lang='lat' dir='ltr'>irum,</span> 
     </span>
    </p>

    <p class='ocr_par' dir='ltr' id='par_1_5' title="bbox 77 3726 829 3898">
     <span class='ocr_line' id='line_1_38' title="bbox 79 3726 740 3803; baseline 0.009 -17"><span class='ocrx_word' id='word_1_238' title='bbox 79 3726 160 3786; x_wconf 76' lang='lat' dir='ltr'>Gallia</span> <span class='ocrx_word' id='word_1_239' title='bbox 174 3729 310 3787; x_wconf 92' lang='lat' dir='ltr'>continuis</span> <span class='ocrx_word' id='word_1_240' title='bbox 324 3746 474 3803; x_wconf 90' lang='lat' dir='ltr'>quanquam</span> <span class='ocrx_word' id='word_1_241' title='bbox 489 3734 524 3789; x_wconf 88' lang='lat' dir='ltr'>sit</span> <span class='ocrx_word' id='word_1_242' title='bbox 539 3734 606 3790; x_wconf 90' lang='lat' dir='ltr'>lassa</span> <span class='ocrx_word' id='word_1_243' title='bbox 624 3736 740 3803; x_wconf 86' lang='lat' dir='ltr'>tributis,</span> 
     </span>
     <span class='ocr_line' id='line_1_39' title="bbox 77 3810 829 3898; baseline 0.011 -20"><span class='ocrx_word' id='word_1_244' title='bbox 77 3820 131 3878; x_wconf 90' lang='lat' dir='ltr'>lloc</span> <span class='ocrx_word' id='word_1_245' title='bbox 146 3837 229 3879; x_wconf 90' lang='lat' dir='ltr'>censu</span> <span class='ocrx_word' id='word_1_246' title='bbox 242 3823 372 3894; x_wconf 83' lang='lat' dir='ltr'>placuisse</span> <span class='ocrx_word' id='word_1_247' title='bbox 385 3824 468 3896; x_wconf 90' lang='lat' dir='ltr'>cupit,</span> <span class='ocrx_word' id='word_1_248' title='bbox 483 3841 532 3882; x_wconf 93' lang='lat' dir='ltr'>nec</span> <span class='ocrx_word' id='word_1_249' title='bbox 545 3827 662 3898; x_wconf 89' lang='lat' dir='ltr'>pondera</span> <span class='ocrx_word' id='word_1_250' title='bbox 676 3831 766 3897; x_wconf 88' lang='lat' dir='ltr'>sentit,</span> <span class='ocrx_word' id='word_1_251' title='bbox 826 3810 829 3815; x_wconf 46' lang='grc'><strong>’</strong></span> 
     </span>
    </p>
   </div>
   <div class='ocr_carea' id='block_1_3' title="bbox 884 3147 907 3213">
    <p class='ocr_par' dir='ltr' id='par_1_6' title="bbox 884 3147 907 3213">
     <span class='ocr_line' id='line_1_40' title="bbox 884 3147 907 3213; baseline 0 0"><span class='ocrx_word' id='word_1_252' title='bbox 884 3147 907 3213; x_wconf 89' lang='lat' dir='ltr'>C</span> 
     </span>
    </p>
   </div>
   <div class='ocr_carea' id='block_1_4' title="bbox 72 4010 907 5284">
    <p class='ocr_par' dir='ltr' id='par_1_7' title="bbox 75 4010 870 4221">
     <span class='ocr_line' id='line_1_41' title="bbox 110 4010 869 4081; baseline 0.001 -17"><span class='ocrx_word' id='word_1_253' title='bbox 110 4013 124 4044; x_wconf 83' lang='lat'><strong>¹</strong></span> <span class='ocrx_word' id='word_1_254' title='bbox 214 4018 253 4065; x_wconf 90' lang='lat' dir='ltr'>rte</span> <span class='ocrx_word' id='word_1_255' title='bbox 268 4010 416 4081; x_wconf 86' lang='lat' dir='ltr'>blnjnriani.</span> <span class='ocrx_word' id='word_1_256' title='bbox 432 4012 572 4081; x_wconf 81' lang='lat' dir='ltr'>Utrinque,</span> <span class='ocrx_word' id='word_1_257' title='bbox 589 4012 636 4076; x_wconf 84' lang='lat' dir='ltr'>ait,</span> <span class='ocrx_word' id='word_1_258' title='bbox 658 4013 708 4067; x_wconf 88' lang='lat' dir='ltr'>tela</span> <span class='ocrx_word' id='word_1_259' title='bbox 731 4010 869 4081; x_wconf 87' lang='lat' dir='ltr'>jacieban·</span> 
     </span>
     <span class='ocr_line' id='line_1_42' title="bbox 77 4081 870 4162; baseline 0.006 -30"><span class='ocrx_word' id='word_1_260' title='bbox 77 4086 130 4143; x_wconf 86' lang='lat' dir='ltr'>tur,</span> <span class='ocrx_word' id='word_1_261' title='bbox 144 4091 174 4134; x_wconf 84' lang='lat' dir='ltr'>se</span> <span class='ocrx_word' id='word_1_262' title='bbox 204 4095 263 4162; x_wconf 79' lang='lat' dir='ltr'>quae</span> <span class='ocrx_word' id='word_1_263' title='bbox 276 4083 310 4135; x_wconf 90' lang='lat' dir='ltr'>ah</span> <span class='ocrx_word' id='word_1_264' title='bbox 322 4081 371 4137; x_wconf 88' lang='lat' dir='ltr'>hee</span> <span class='ocrx_word' id='word_1_265' title='bbox 384 4091 470 4152; x_wconf 80' lang='lat' dir='ltr'>parte.</span> <span class='ocrx_word' id='word_1_266' title='bbox 479 4083 585 4151; x_wconf 77' lang='lat' dir='ltr'>irrgnlus</span> <span class='ocrx_word' id='word_1_267' title='bbox 597 4082 732 4148; x_wconf 81' lang='lat' dir='ltr'>petebant,</span> <span class='ocrx_word' id='word_1_268' title='bbox 744 4092 771 4136; x_wconf 89' lang='lat' dir='ltr'>et</span> <span class='ocrx_word' id='word_1_269' title='bbox 785 4083 870 4137; x_wconf 88' lang='lat' dir='ltr'>lethu·</span> 
     </span>
     <span class='ocr_line' id='line_1_43' title="bbox 75 4147 780 4221; baseline 0 -17"><span class='ocrx_word' id='word_1_270' title='bbox 75 4147 116 4204; x_wconf 79' lang='lat' dir='ltr'>ies</span> <span class='ocrx_word' id='word_1_271' title='bbox 131 4147 199 4205; x_wconf 90' lang='lat' dir='ltr'>ictus</span> <span class='ocrx_word' id='word_1_272' title='bbox 213 4151 376 4221; x_wconf 88' lang='lat' dir='ltr'>rniligcbaut,</span> <span class='ocrx_word' id='word_1_273' title='bbox 393 4169 446 4206; x_wconf 90' lang='lat' dir='ltr'>nen</span> <span class='ocrx_word' id='word_1_274' title='bbox 463 4155 525 4206; x_wconf 87' lang='lat' dir='ltr'>itcrn</span> <span class='ocrx_word' id='word_1_275' title='bbox 540 4168 628 4220; x_wconf 76' lang='lat' dir='ltr'>quma</span> <span class='ocrx_word' id='word_1_276' title='bbox 645 4152 780 4206; x_wconf 79' lang='lat' dir='ltr'>Vandalis.</span> 
     </span>
    </p>

    <p class='ocr_par' dir='ltr' id='par_1_8' title="bbox 77 4217 872 4364">
     <span class='ocr_line' id='line_1_44' title="bbox 110 4217 872 4292; baseline -0.001 -15"><span class='ocrx_word' id='word_1_277' title='bbox 110 4217 288 4286; x_wconf 55' lang='lat' dir='ltr'>*Sersaonis</span> <span class='ocrx_word' id='word_1_278' title='bbox 303 4231 332 4275; x_wconf 91' lang='lat' dir='ltr'>nt</span> <span class='ocrx_word' id='word_1_279' title='bbox 344 4223 457 4290; x_wconf 89' lang='lat' dir='ltr'>conjecit</span> <span class='ocrx_word' id='word_1_280' title='bbox 470 4222 581 4284; x_wconf 85' lang='lat' dir='ltr'>Sauaro,</span> <span class='ocrx_word' id='word_1_281' title='bbox 593 4238 624 4276; x_wconf 86' lang='lat' dir='ltr'>ox</span> <span class='ocrx_word' id='word_1_282' title='bbox 639 4221 747 4277; x_wconf 72' lang='lat' dir='ltr'>l&#39;icture</span> <span class='ocrx_word' id='word_1_283' title='bbox 758 4222 872 4292; x_wconf 84' lang='lat' dir='ltr'>i&#39;itcnsi,</span> 
     </span>
     <span class='ocr_line' id='line_1_45' title="bbox 77 4289 689 4364; baseline 0 -19"><span class='ocrx_word' id='word_1_284' title='bbox 77 4289 119 4364; x_wconf 78' lang='lat' dir='ltr'>qui</span> <span class='ocrx_word' id='word_1_285' title='bbox 134 4307 196 4346; x_wconf 90' lang='lat' dir='ltr'>eum</span> <span class='ocrx_word' id='word_1_286' title='bbox 210 4289 347 4346; x_wconf 86' lang='lat' dir='ltr'>Genserici</span> <span class='ocrx_word' id='word_1_287' title='bbox 364 4293 433 4360; x_wconf 81' lang='lat' dir='ltr'>regis</span> <span class='ocrx_word' id='word_1_288' title='bbox 444 4303 586 4360; x_wconf 65' lang='lat' dir='ltr'>coprianum</span> <span class='ocrx_word' id='word_1_289' title='bbox 603 4304 689 4348; x_wconf 80' lang='lat' dir='ltr'>cecat.</span> 
     </span>
    </p>

    <p class='ocr_par' dir='ltr' id='par_1_9' title="bbox 72 4361 907 5139">
     <span class='ocr_line' id='line_1_46' title="bbox 112 4361 867 4432; baseline 0.004 -17"><span class='ocrx_word' id='word_1_290' title='bbox 112 4371 124 4400; x_wconf 74' lang='lat'><em>⁶</em></span> <span class='ocrx_word' id='word_1_291' title='bbox 145 4361 306 4416; x_wconf 84' lang='lat' dir='ltr'>Deciassice</span> <span class='ocrx_word' id='word_1_292' title='bbox 319 4365 343 4414; x_wconf 86' lang='lat' dir='ltr'>in</span> <span class='ocrx_word' id='word_1_293' title='bbox 357 4364 472 4416; x_wconf 82' lang='lat' dir='ltr'>hiulcam</span> <span class='ocrx_word' id='word_1_294' title='bbox 488 4363 625 4429; x_wconf 84' lang='lat' dir='ltr'>llajoriani</span> <span class='ocrx_word' id='word_1_295' title='bbox 639 4373 777 4431; x_wconf 76' lang='lat' dir='ltr'>aprpnrntn,</span> <span class='ocrx_word' id='word_1_296' title='bbox 790 4380 867 4432; x_wconf 89' lang='lat' dir='ltr'>qnenr</span> 
     </span>
     <span class='ocr_line' id='line_1_47' title="bbox 72 4431 864 4501; baseline 0 -12"><span class='ocrx_word' id='word_1_297' title='bbox 72 4431 201 4489; x_wconf 78' lang='lat' dir='ltr'>Sidonius</span> <span class='ocrx_word' id='word_1_298' title='bbox 217 4432 255 4485; x_wconf 87' lang='lat' dir='ltr'>sie</span> <span class='ocrx_word' id='word_1_299' title='bbox 271 4432 385 4495; x_wconf 80' lang='lat' dir='ltr'>extollit,</span> <span class='ocrx_word' id='word_1_300' title='bbox 408 4443 436 4486; x_wconf 95' lang='grc' dir='ltr'>ιιι</span> <span class='ocrx_word' id='word_1_301' title='bbox 448 4446 507 4485; x_wconf 89' lang='lat' dir='ltr'>cnm</span> <span class='ocrx_word' id='word_1_302' title='bbox 525 4436 742 4501; x_wconf 73' lang='lat' dir='ltr'>algurncmneuis,</span> <span class='ocrx_word' id='word_1_303' title='bbox 759 4434 864 4498; x_wconf 73' lang='lat' dir='ltr'>ilerum,</span> 
     </span>
     <span class='ocr_line' id='line_1_48' title="bbox 76 4476 907 4572; baseline 0.004 -15"><span class='ocrx_word' id='word_1_304' title='bbox 76 4501 186 4557; x_wconf 76' lang='lat' dir='ltr'>Antonii</span> <span class='ocrx_word' id='word_1_305' title='bbox 201 4512 228 4557; x_wconf 87' lang='lat' dir='ltr'>et</span> <span class='ocrx_word' id='word_1_306' title='bbox 240 4502 391 4566; x_wconf 77' lang='lat' dir='ltr'>Cleopatrcc</span> <span class='ocrx_word' id='word_1_307' title='bbox 413 4503 550 4556; x_wconf 74' lang='lat' dir='ltr'>cruralibus</span> <span class='ocrx_word' id='word_1_308' title='bbox 571 4504 655 4572; x_wconf 85' lang='lat' dir='ltr'>copiis</span> <span class='ocrx_word' id='word_1_309' title='bbox 670 4505 792 4559; x_wconf 84' lang='lat' dir='ltr'>rurderre</span> <span class='ocrx_word' id='word_1_310' title='bbox 814 4522 867 4562; x_wconf 92' lang='lat' dir='ltr'>uun</span> <span class='ocrx_word' id='word_1_311' title='bbox 882 4476 907 4536; x_wconf 75' lang='lat' dir='ltr'>D</span> 
     </span>
     <span class='ocr_line' id='line_1_49' title="bbox 78 4572 866 4649; baseline 0.004 -22"><span class='ocrx_word' id='word_1_312' title='bbox 78 4572 191 4638; x_wconf 89' lang='lat' dir='ltr'>dubitet,</span> <span class='ocrx_word' id='word_1_313' title='bbox 207 4573 328 4626; x_wconf 90' lang='lat' dir='ltr'>scribunt</span> <span class='ocrx_word' id='word_1_314' title='bbox 349 4572 504 4649; x_wconf 80' lang='lat' dir='ltr'>Procopius,</span> <span class='ocrx_word' id='word_1_315' title='bbox 522 4572 620 4627; x_wconf 87' lang='lat' dir='ltr'>idatius</span> <span class='ocrx_word' id='word_1_316' title='bbox 635 4584 661 4628; x_wconf 90' lang='lat' dir='ltr'>et</span> <span class='ocrx_word' id='word_1_317' title='bbox 681 4575 866 4630; x_wconf 85' lang='lat' dir='ltr'>Cassiodorus.</span> 
     </span>
     <span class='ocr_line' id='line_1_50' title="bbox 78 4640 865 4713; baseline 0.006 -17"><span class='ocrx_word' id='word_1_318' title='bbox 78 4640 225 4713; x_wconf 89' lang='lat' dir='ltr'>Procopius</span> <span class='ocrx_word' id='word_1_319' title='bbox 236 4657 301 4698; x_wconf 87' lang='lat' dir='ltr'>sane</span> <span class='ocrx_word' id='word_1_320' title='bbox 316 4644 460 4698; x_wconf 80' lang='lat' dir='ltr'>maximnm</span> <span class='ocrx_word' id='word_1_321' title='bbox 475 4644 622 4698; x_wconf 81' lang='lat' dir='ltr'>exereitum</span> <span class='ocrx_word' id='word_1_322' title='bbox 643 4645 725 4700; x_wconf 87' lang='lat' dir='ltr'>luisse</span> <span class='ocrx_word' id='word_1_323' title='bbox 742 4656 865 4702; x_wconf 89' lang='lat' dir='ltr'>testatur.</span> 
     </span>
     <span class='ocr_line' id='line_1_51' title="bbox 78 4713 867 4786; baseline 0.006 -18"><span class='ocrx_word' id='word_1_324' title='bbox 78 4714 113 4769; x_wconf 78' lang='lat' dir='ltr'>At</span> <span class='ocrx_word' id='word_1_325' title='bbox 126 4713 193 4768; x_wconf 89' lang='lat' dir='ltr'>tanti</span> <span class='ocrx_word' id='word_1_326' title='bbox 209 4722 321 4768; x_wconf 92' lang='lat' dir='ltr'>conatus</span> <span class='ocrx_word' id='word_1_327' title='bbox 337 4717 427 4769; x_wconf 84' lang='lat' dir='ltr'>irritus</span> <span class='ocrx_word' id='word_1_328' title='bbox 450 4715 497 4768; x_wconf 88' lang='lat' dir='ltr'>luit</span> <span class='ocrx_word' id='word_1_329' title='bbox 511 4724 638 4780; x_wconf 81' lang='lat' dir='ltr'>ereartns;</span> <span class='ocrx_word' id='word_1_330' title='bbox 655 4719 714 4786; x_wconf 92' lang='lat' dir='ltr'>quia</span> <span class='ocrx_word' id='word_1_331' title='bbox 737 4733 783 4785; x_wconf 93' lang='lat' dir='ltr'>per</span> <span class='ocrx_word' id='word_1_332' title='bbox 806 4735 867 4786; x_wconf 89' lang='lat' dir='ltr'>pro·</span> 
     </span>
     <span class='ocr_line' id='line_1_52' title="bbox 79 4783 867 4858; baseline 0.004 -20"><span class='ocrx_word' id='word_1_333' title='bbox 79 4783 178 4840; x_wconf 91' lang='lat' dir='ltr'>tlitores</span> <span class='ocrx_word' id='word_1_334' title='bbox 191 4786 346 4840; x_wconf 89' lang='lat' dir='ltr'>cerrrmoniti</span> <span class='ocrx_word' id='word_1_335' title='bbox 362 4785 482 4850; x_wconf 84' lang='lat' dir='ltr'>Varrdali,</span> <span class='ocrx_word' id='word_1_336' title='bbox 496 4801 577 4841; x_wconf 86' lang='lat' dir='ltr'>naves</span> <span class='ocrx_word' id='word_1_337' title='bbox 592 4789 618 4840; x_wconf 92' lang='lat' dir='ltr'>in</span> <span class='ocrx_word' id='word_1_338' title='bbox 633 4788 867 4858; x_wconf 78' lang='lat' dir='ltr'>pertrahusllispa-</span> 
     </span>
     <span class='ocr_line' id='line_1_53' title="bbox 78 4855 868 4927; baseline 0.006 -18"><span class='ocrx_word' id='word_1_339' title='bbox 78 4855 139 4921; x_wconf 77' lang='lat' dir='ltr'>nia,</span> <span class='ocrx_word' id='word_1_340' title='bbox 156 4855 310 4927; x_wconf 85' lang='lat' dir='ltr'>priusquam</span> <span class='ocrx_word' id='word_1_341' title='bbox 327 4856 472 4921; x_wconf 81' lang='lat' dir='ltr'>solverent,</span> <span class='ocrx_word' id='word_1_342' title='bbox 486 4857 662 4925; x_wconf 87' lang='lat' dir='ltr'>diripuerunt.</span> <span class='ocrx_word' id='word_1_343' title='bbox 677 4859 712 4912; x_wconf 89' lang='lat' dir='ltr'>itu</span> <span class='ocrx_word' id='word_1_344' title='bbox 726 4861 868 4915; x_wconf 76' lang='lat' dir='ltr'>frustratus</span> 
     </span>
     <span class='ocr_line' id='line_1_54' title="bbox 78 4922 867 4998; baseline 0.006 -17"><span class='ocrx_word' id='word_1_345' title='bbox 78 4922 288 4984; x_wconf 77' lang='lat' dir='ltr'>belliVandalici</span> <span class='ocrx_word' id='word_1_346' title='bbox 304 4942 351 4997; x_wconf 85' lang='lat' dir='ltr'>spe</span> <span class='ocrx_word' id='word_1_347' title='bbox 377 4928 546 4998; x_wconf 84' lang='lat' dir='ltr'>blojorianns.</span> <span class='ocrx_word' id='word_1_348' title='bbox 568 4929 621 4983; x_wconf 89' lang='lat' dir='ltr'>Nee</span> <span class='ocrx_word' id='word_1_349' title='bbox 644 4939 733 4984; x_wconf 90' lang='lat' dir='ltr'>tamen</span> <span class='ocrx_word' id='word_1_350' title='bbox 757 4934 867 4986; x_wconf 85' lang='lat' dir='ltr'>onrrainb</span> 
     </span>
     <span class='ocr_line' id='line_1_55' title="bbox 78 4996 865 5070; baseline 0.006 -19"><span class='ocrx_word' id='word_1_351' title='bbox 78 4996 221 5053; x_wconf 76' lang='lat' dir='ltr'>frustratus</span> <span class='ocrx_word' id='word_1_352' title='bbox 236 5017 243 5052; x_wconf 81' lang='grc' dir='ltr'>ι</span> <span class='ocrx_word' id='word_1_353' title='bbox 259 4999 319 5070; x_wconf 86' lang='lat' dir='ltr'>qnia</span> <span class='ocrx_word' id='word_1_354' title='bbox 345 4999 517 5069; x_wconf 76' lang='lat' dir='ltr'>Censorieus,</span> <span class='ocrx_word' id='word_1_355' title='bbox 534 5009 563 5053; x_wconf 94' lang='lat' dir='ltr'>nt</span> <span class='ocrx_word' id='word_1_356' title='bbox 584 5010 675 5054; x_wconf 83' lang='lat' dir='ltr'>arantur</span> <span class='ocrx_word' id='word_1_357' title='bbox 696 5011 737 5055; x_wconf 88' lang='lat' dir='ltr'>est</span> <span class='ocrx_word' id='word_1_358' title='bbox 758 5001 865 5068; x_wconf 88' lang='lat' dir='ltr'>idatius,</span> 
     </span>
     <span class='ocr_line' id='line_1_56' title="bbox 78 5069 680 5139; baseline 0.007 -20"><span class='ocrx_word' id='word_1_359' title='bbox 78 5081 170 5135; x_wconf 88' lang='lat' dir='ltr'>pacem</span> <span class='ocrx_word' id='word_1_360' title='bbox 181 5069 215 5122; x_wconf 88' lang='lat' dir='ltr'>ab</span> <span class='ocrx_word' id='word_1_361' title='bbox 225 5084 257 5125; x_wconf 91' lang='lat' dir='ltr'>eo</span> <span class='ocrx_word' id='word_1_362' title='bbox 272 5079 362 5139; x_wconf 84' lang='lat' dir='ltr'>postca</span> <span class='ocrx_word' id='word_1_363' title='bbox 376 5071 450 5138; x_wconf 86' lang='lat' dir='ltr'>petiit</span> <span class='ocrx_word' id='word_1_364' title='bbox 465 5079 491 5122; x_wconf 88' lang='lat' dir='ltr'>ct</span> <span class='ocrx_word' id='word_1_365' title='bbox 504 5071 680 5139; x_wconf 80' lang='lat' dir='ltr'>impetrauit.-</span> 
     </span>
    </p>

    <p class='ocr_par' dir='ltr' id='par_1_10' title="bbox 77 5133 867 5284">
     <span class='ocr_line' id='line_1_57' title="bbox 112 5133 867 5209; baseline 0.012 -19"><span class='ocrx_word' id='word_1_366' title='bbox 112 5133 126 5174; x_wconf 58' lang='grc' dir='ltr'>ἃ</span> <span class='ocrx_word' id='word_1_367' title='bbox 142 5136 264 5194; x_wconf 88' lang='lat' dir='ltr'>llomano</span> <span class='ocrx_word' id='word_1_368' title='bbox 275 5149 301 5196; x_wconf 90' lang='lat' dir='ltr'>et</span> <span class='ocrx_word' id='word_1_369' title='bbox 316 5139 450 5194; x_wconf 87' lang='lat' dir='ltr'>lll&#39;ricano.</span> <span class='ocrx_word' id='word_1_370' title='bbox 466 5141 595 5209; x_wconf 84' lang='lat' dir='ltr'>Sperabat</span> <span class='ocrx_word' id='word_1_371' title='bbox 610 5143 725 5196; x_wconf 88' lang='lat' dir='ltr'>l&#39;uturunr</span> <span class='ocrx_word' id='word_1_372' title='bbox 740 5143 867 5199; x_wconf 88' lang='lat' dir='ltr'>Sidonius</span> 
     </span>
     <span class='ocr_line' id='line_1_58' title="bbox 77 5208 865 5284; baseline 0.009 -23"><span class='ocrx_word' id='word_1_373' title='bbox 77 5216 105 5262; x_wconf 93' lang='grc' dir='ltr'>ιιι</span> <span class='ocrx_word' id='word_1_374' title='bbox 117 5208 161 5278; x_wconf 89' lang='lat' dir='ltr'>qui</span> <span class='ocrx_word' id='word_1_375' title='bbox 171 5209 261 5265; x_wconf 85' lang='lat' dir='ltr'>exitus</span> <span class='ocrx_word' id='word_1_376' title='bbox 272 5213 472 5279; x_wconf 83' lang='lat' dir='ltr'>posthctiaearn</span> <span class='ocrx_word' id='word_1_377' title='bbox 486 5227 600 5282; x_wconf 87' lang='lat' dir='ltr'>pugnam</span> <span class='ocrx_word' id='word_1_378' title='bbox 610 5213 759 5282; x_wconf 83' lang='lat' dir='ltr'>Cleopatrae</span> <span class='ocrx_word' id='word_1_379' title='bbox 770 5231 865 5284; x_wconf 88' lang='lat' dir='ltr'>regno·</span> 
     </span>
    </p>
   </div>
   <div class='ocr_carea' id='block_1_5' title="bbox 707 272 1655 460">
    <p class='ocr_par' dir='ltr' id='par_1_11' title="bbox 707 272 1655 460">
     <span class='ocr_line' id='line_1_59' title="bbox 707 272 1078 334; baseline -0.005 0"><span class='ocrx_word' id='word_1_380' title='bbox 707 272 832 334; x_wconf 81' lang='lat' dir='ltr'>sinebit</span> <span class='ocrx_word' id='word_1_381' title='bbox 851 272 1078 333; x_wconf 79' lang='lat' dir='ltr'>tPohhitthlllS</span> 
     </span>
     <span class='ocr_line' id='line_1_60' title="bbox 930 384 1655 460; baseline 0.007 -16"><span class='ocrx_word' id='word_1_382' title='bbox 930 387 995 455; x_wconf 84' lang='lat' dir='ltr'>Quae</span> <span class='ocrx_word' id='word_1_383' title='bbox 1010 386 1138 458; x_wconf 86' lang='lat' dir='ltr'>prodesse</span> <span class='ocrx_word' id='word_1_384' title='bbox 1153 385 1269 457; x_wconf 87' lang='lat' dir='ltr'>probat:</span> <span class='ocrx_word' id='word_1_385' title='bbox 1285 399 1338 443; x_wconf 92' lang='lat' dir='ltr'>nen</span> <span class='ocrx_word' id='word_1_386' title='bbox 1354 384 1437 444; x_wconf 87' lang='lat' dir='ltr'>tantis</span> <span class='ocrx_word' id='word_1_387' title='bbox 1448 385 1655 460; x_wconf 78' lang='lat' dir='ltr'>majordtrides</span> 
     </span>
    </p>
   </div>
   <div class='ocr_carea' id='block_1_6' title="bbox 1668 278 1722 341">
    <p class='ocr_par' dir='ltr' id='par_1_12' title="bbox 1668 278 1722 341">
     <span class='ocr_line' id='line_1_61' title="bbox 1668 278 1722 341; baseline -0.056 -1"><span class='ocrx_word' id='word_1_388' title='bbox 1668 278 1722 341; x_wconf 79' lang='lat' dir='ltr'>tta</span> 
     </span>
    </p>
   </div>
   <div class='ocr_carea' id='block_1_7' title="bbox 922 484 1720 3902">
    <p class='ocr_par' dir='ltr' id='par_1_13' title="bbox 929 484 1613 648">
     <span class='ocr_line' id='line_1_62' title="bbox 929 484 1613 558; baseline 0.003 -16"><span class='ocrx_word' id='word_1_389' title='bbox 929 485 1102 558; x_wconf 83' lang='lat' dir='ltr'>Carpathium</span> <span class='ocrx_word' id='word_1_390' title='bbox 1116 485 1183 540; x_wconf 85' lang='lat' dir='ltr'>texit</span> <span class='ocrx_word' id='word_1_391' title='bbox 1194 484 1306 553; x_wconf 89' lang='lat' dir='ltr'>ratibus,</span> <span class='ocrx_word' id='word_1_392' title='bbox 1324 499 1384 541; x_wconf 93' lang='lat' dir='ltr'>eum</span> <span class='ocrx_word' id='word_1_393' title='bbox 1400 485 1513 542; x_wconf 85' lang='lat' dir='ltr'>hericus</span> <span class='ocrx_word' id='word_1_394' title='bbox 1526 484 1613 544; x_wconf 89' lang='lat' dir='ltr'>hostis</span> 
     </span>
     <span class='ocr_line' id='line_1_63' title="bbox 929 574 1509 648; baseline -0.002 -14"><span class='ocrx_word' id='word_1_395' title='bbox 929 577 1029 648; x_wconf 80' lang='lat' dir='ltr'>Sigeas</span> <span class='ocrx_word' id='word_1_396' title='bbox 1044 583 1170 646; x_wconf 89' lang='lat' dir='ltr'>raptnms</span> <span class='ocrx_word' id='word_1_397' title='bbox 1183 590 1260 645; x_wconf 91' lang='lat' dir='ltr'>opes,</span> <span class='ocrx_word' id='word_1_398' title='bbox 1277 574 1398 631; x_wconf 78' lang='lat' dir='ltr'>liltorteia</span> <span class='ocrx_word' id='word_1_399' title='bbox 1414 575 1509 633; x_wconf 89' lang='lat' dir='ltr'>clausit</span> 
     </span>
    </p>

    <p class='ocr_par' dir='ltr' id='par_1_14' title="bbox 927 667 1689 1110">
     <span class='ocr_line' id='line_1_64' title="bbox 928 667 1614 742; baseline -0.003 -14"><span class='ocrx_word' id='word_1_400' title='bbox 928 672 1057 742; x_wconf 91' lang='lat' dir='ltr'>Pergama</span> <span class='ocrx_word' id='word_1_401' title='bbox 1070 685 1078 736; x_wconf 91' lang='lat'>;</span> <span class='ocrx_word' id='word_1_402' title='bbox 1093 684 1144 725; x_wconf 89' lang='lat' dir='ltr'>nee</span> <span class='ocrx_word' id='word_1_403' title='bbox 1159 677 1237 724; x_wconf 79' lang='lat' dir='ltr'>toritas</span> <span class='ocrx_word' id='word_1_404' title='bbox 1252 667 1349 725; x_wconf 87' lang='lat' dir='ltr'>Seston</span> <span class='ocrx_word' id='word_1_405' title='bbox 1362 668 1505 739; x_wconf 86' lang='lat' dir='ltr'>juncturus</span> <span class='ocrx_word' id='word_1_406' title='bbox 1516 668 1614 741; x_wconf 75' lang='lat' dir='ltr'>Abydo</span> 
     </span>
     <span class='ocr_line' id='line_1_65' title="bbox 927 760 1689 834; baseline 0.003 -15"><span class='ocrx_word' id='word_1_407' title='bbox 927 763 1032 820; x_wconf 81' lang='lat' dir='ltr'>Xerxes</span> <span class='ocrx_word' id='word_1_408' title='bbox 1045 762 1141 819; x_wconf 89' lang='lat' dir='ltr'>classis</span> <span class='ocrx_word' id='word_1_409' title='bbox 1155 769 1224 828; x_wconf 90' lang='lat' dir='ltr'>erat,</span> <span class='ocrx_word' id='word_1_410' title='bbox 1242 760 1358 817; x_wconf 88' lang='lat' dir='ltr'>tumidas</span> <span class='ocrx_word' id='word_1_411' title='bbox 1368 775 1430 817; x_wconf 89' lang='lat' dir='ltr'>eum</span> <span class='ocrx_word' id='word_1_412' title='bbox 1444 769 1579 819; x_wconf 88' lang='lat' dir='ltr'>sterneret</span> <span class='ocrx_word' id='word_1_413' title='bbox 1590 763 1689 834; x_wconf 67' lang='lat' dir='ltr'>undu,</span> 
     </span>
     <span class='ocr_line' id='line_1_66' title="bbox 928 852 1673 927; baseline 0.003 -16"><span class='ocrx_word' id='word_1_414' title='bbox 928 856 963 911; x_wconf 82' lang='lat' dir='ltr'>lit</span> <span class='ocrx_word' id='word_1_415' title='bbox 976 862 1088 926; x_wconf 88' lang='lat' dir='ltr'>pontum</span> <span class='ocrx_word' id='word_1_416' title='bbox 1103 852 1154 910; x_wconf 90' lang='lat' dir='ltr'>suh</span> <span class='ocrx_word' id='word_1_417' title='bbox 1166 861 1249 924; x_wconf 94' lang='lat' dir='ltr'>ponte</span> <span class='ocrx_word' id='word_1_418' title='bbox 1262 852 1351 919; x_wconf 88' lang='lat' dir='ltr'>daret,</span> <span class='ocrx_word' id='word_1_419' title='bbox 1367 868 1428 908; x_wconf 91' lang='lat' dir='ltr'>cnm</span> <span class='ocrx_word' id='word_1_420' title='bbox 1444 860 1538 927; x_wconf 85' lang='lat' dir='ltr'>stagna</span> <span class='ocrx_word' id='word_1_421' title='bbox 1552 856 1673 927; x_wconf 89' lang='lat' dir='ltr'>superbo</span> 
     </span>
     <span class='ocr_line' id='line_1_67' title="bbox 927 943 1609 1021; baseline 0.006 -20"><span class='ocrx_word' id='word_1_422' title='bbox 927 945 1026 1016; x_wconf 88' lang='lat' dir='ltr'>irrupit</span> <span class='ocrx_word' id='word_1_423' title='bbox 1038 953 1167 1002; x_wconf 87' lang='lat' dir='ltr'>temerata</span> <span class='ocrx_word' id='word_1_424' title='bbox 1179 943 1274 1015; x_wconf 87' lang='lat' dir='ltr'>gradu,</span> <span class='ocrx_word' id='word_1_425' title='bbox 1285 952 1440 1021; x_wconf 68' lang='lat' dir='ltr'>‚turmaeque</span> <span class='ocrx_word' id='word_1_426' title='bbox 1454 943 1609 1017; x_wconf 78' lang='lat' dir='ltr'>frequentes</span> 
     </span>
     <span class='ocr_line' id='line_1_68' title="bbox 927 1036 1497 1110; baseline 0 -16"><span class='ocrx_word' id='word_1_427' title='bbox 927 1037 1145 1110; x_wconf 84' lang='lat' dir='ltr'>Hellespontiaco</span> <span class='ocrx_word' id='word_1_428' title='bbox 1158 1037 1341 1108; x_wconf 83' lang='lat' dir='ltr'>persultavere</span> <span class='ocrx_word' id='word_1_429' title='bbox 1354 1036 1497 1108; x_wconf 79' lang='lat' dir='ltr'>profundo.</span> 
     </span>
    </p>

    <p class='ocr_par' dir='ltr' id='par_1_15' title="bbox 926 1130 1535 1203">
     <span class='ocr_line' id='line_1_69' title="bbox 926 1130 1535 1203; baseline -0.002 -14"><span class='ocrx_word' id='word_1_430' title='bbox 926 1131 982 1189; x_wconf 86' lang='lat' dir='ltr'>Nee</span> <span class='ocrx_word' id='word_1_431' title='bbox 994 1131 1034 1188; x_wconf 88' lang='lat' dir='ltr'>sie</span> <span class='ocrx_word' id='word_1_432' title='bbox 1045 1130 1180 1188; x_wconf 87' lang='lat' dir='ltr'>Leucadio</span> <span class='ocrx_word' id='word_1_433' title='bbox 1192 1130 1285 1187; x_wconf 89' lang='lat' dir='ltr'>elassis</span> <span class='ocrx_word' id='word_1_434' title='bbox 1300 1130 1442 1188; x_wconf 87' lang='lat' dir='ltr'>liareotiea</span> <span class='ocrx_word' id='word_1_435' title='bbox 1457 1140 1535 1203; x_wconf 93' lang='lat' dir='ltr'>portu</span> 
     </span>
    </p>

    <p class='ocr_par' dir='ltr' id='par_1_16' title="bbox 927 1221 1536 1293">
     <span class='ocr_line' id='line_1_70' title="bbox 927 1221 1536 1293; baseline -0.002 -14"><span class='ocrx_word' id='word_1_436' title='bbox 927 1223 1049 1280; x_wconf 76' lang='lat' dir='ltr'>Actiacas</span> <span class='ocrx_word' id='word_1_437' title='bbox 1060 1221 1200 1279; x_wconf 86' lang='lat' dir='ltr'>abscondit</span> <span class='ocrx_word' id='word_1_438' title='bbox 1212 1236 1306 1293; x_wconf 88' lang='lat' dir='ltr'>aquas,</span> <span class='ocrx_word' id='word_1_439' title='bbox 1320 1223 1347 1277; x_wconf 92' lang='lat' dir='ltr'>in</span> <span class='ocrx_word' id='word_1_440' title='bbox 1362 1222 1431 1278; x_wconf 89' lang='lat' dir='ltr'>helia</span> <span class='ocrx_word' id='word_1_441' title='bbox 1445 1221 1536 1278; x_wconf 88' lang='lat' dir='ltr'>mariti</span> 
     </span>
    </p>

    <p class='ocr_par' dir='ltr' id='par_1_17' title="bbox 928 1305 1572 1389">
     <span class='ocr_line' id='line_1_71' title="bbox 928 1305 1572 1389; baseline 0.009 -17"><span class='ocrx_word' id='word_1_442' title='bbox 928 1317 996 1373; x_wconf 79' lang='lat' dir='ltr'>Ilum</span> <span class='ocrx_word' id='word_1_443' title='bbox 1011 1316 1083 1372; x_wconf 80' lang='lat' dir='ltr'>uenit</span> <span class='ocrx_word' id='word_1_444' title='bbox 1096 1330 1112 1371; x_wconf 91' lang='lat' dir='ltr'>a</span> <span class='ocrx_word' id='word_1_445' title='bbox 1126 1316 1224 1373; x_wconf 90' lang='lat' dir='ltr'>Phario</span> <span class='ocrx_word' id='word_1_446' title='bbox 1237 1316 1333 1372; x_wconf 89' lang='lat' dir='ltr'>dotalis</span> <span class='ocrx_word' id='word_1_447' title='bbox 1348 1317 1424 1373; x_wconf 89' lang='lat' dir='ltr'>turha</span> <span class='ocrx_word' id='word_1_448' title='bbox 1437 1305 1547 1389; x_wconf 85' lang='lat' dir='ltr'>Canope</span> <span class='ocrx_word' id='word_1_449' title='bbox 1562 1334 1572 1378; x_wconf 76' lang='lat' dir='ltr'>a</span> 
     </span>
    </p>

    <p class='ocr_par' dir='ltr' id='par_1_18' title="bbox 926 1409 1625 1573">
     <span class='ocr_line' id='line_1_72' title="bbox 926 1409 1625 1481; baseline 0.007 -15"><span class='ocrx_word' id='word_1_450' title='bbox 926 1409 993 1466; x_wconf 94' lang='lat' dir='ltr'>Cum</span> <span class='ocrx_word' id='word_1_451' title='bbox 1008 1410 1095 1481; x_wconf 88' lang='lat' dir='ltr'>patrio</span> <span class='ocrx_word' id='word_1_452' title='bbox 1109 1409 1249 1480; x_wconf 89' lang='lat' dir='ltr'>Cleopatra</span> <span class='ocrx_word' id='word_1_453' title='bbox 1262 1410 1338 1466; x_wconf 82' lang='lat' dir='ltr'>leros</span> <span class='ocrx_word' id='word_1_454' title='bbox 1350 1410 1516 1468; x_wconf 89' lang='lat' dir='ltr'>circumdata</span> <span class='ocrx_word' id='word_1_455' title='bbox 1530 1411 1625 1481; x_wconf 81' lang='lat' dir='ltr'>sistro,</span> 
     </span>
     <span class='ocr_line' id='line_1_73' title="bbox 926 1502 1507 1573; baseline 0.003 -14"><span class='ocrx_word' id='word_1_456' title='bbox 926 1502 1010 1559; x_wconf 84' lang='lat' dir='ltr'>dlilite</span> <span class='ocrx_word' id='word_1_457' title='bbox 1021 1503 1063 1559; x_wconf 83' lang='lat' dir='ltr'>vel</span> <span class='ocrx_word' id='word_1_458' title='bbox 1077 1502 1153 1573; x_wconf 92' lang='lat' dir='ltr'>piceo</span> <span class='ocrx_word' id='word_1_459' title='bbox 1167 1502 1252 1559; x_wconf 86' lang='lat' dir='ltr'>iulvas</span> <span class='ocrx_word' id='word_1_460' title='bbox 1266 1511 1377 1559; x_wconf 88' lang='lat' dir='ltr'>onerata</span> <span class='ocrx_word' id='word_1_461' title='bbox 1390 1503 1507 1572; x_wconf 86' lang='lat' dir='ltr'>carinas,</span> 
     </span>
    </p>

    <p class='ocr_par' dir='ltr' id='par_1_19' title="bbox 926 1591 1675 1761">
     <span class='ocr_line' id='line_1_74' title="bbox 926 1591 1675 1670; baseline 0.011 -23"><span class='ocrx_word' id='word_1_462' title='bbox 926 1591 1008 1666; x_wconf 65' lang='lat'>324</span> <span class='ocrx_word' id='word_1_463' title='bbox 1021 1593 1118 1650; x_wconf 86' lang='lat' dir='ltr'>borida</span> <span class='ocrx_word' id='word_1_464' title='bbox 1133 1593 1256 1650; x_wconf 80' lang='lat' dir='ltr'>diffusam</span> <span class='ocrx_word' id='word_1_465' title='bbox 1273 1604 1409 1663; x_wconf 92' lang='lat' dir='ltr'>premeret</span> <span class='ocrx_word' id='word_1_466' title='bbox 1420 1595 1675 1670; x_wconf 80' lang='lat' dir='ltr'>Ptolemeidegaaa.</span> 
     </span>
     <span class='ocr_line' id='line_1_75' title="bbox 927 1688 1609 1761; baseline 0.007 -18"><span class='ocrx_word' id='word_1_467' title='bbox 927 1689 984 1744; x_wconf 91' lang='lat' dir='ltr'>llee</span> <span class='ocrx_word' id='word_1_468' title='bbox 999 1698 1026 1743; x_wconf 93' lang='lat' dir='ltr'>tu</span> <span class='ocrx_word' id='word_1_469' title='bbox 1042 1704 1096 1745; x_wconf 90' lang='lat' dir='ltr'>non</span> <span class='ocrx_word' id='word_1_470' title='bbox 1108 1688 1182 1744; x_wconf 92' lang='lat' dir='ltr'>cultu</span> <span class='ocrx_word' id='word_1_471' title='bbox 1197 1702 1308 1759; x_wconf 91' lang='lat' dir='ltr'>pugnas,</span> <span class='ocrx_word' id='word_1_472' title='bbox 1324 1689 1372 1744; x_wconf 90' lang='lat' dir='ltr'>sed</span> <span class='ocrx_word' id='word_1_473' title='bbox 1386 1704 1462 1747; x_wconf 90' lang='lat' dir='ltr'>more</span> <span class='ocrx_word' id='word_1_474' title='bbox 1477 1689 1609 1761; x_wconf 86' lang='lat' dir='ltr'>priorum,</span> 
     </span>
    </p>

    <p class='ocr_par' dir='ltr' id='par_1_20' title="bbox 928 1778 1598 1852">
     <span class='ocr_line' id='line_1_76' title="bbox 928 1778 1598 1852; baseline 0.007 -17"><span class='ocrx_word' id='word_1_475' title='bbox 928 1780 987 1837; x_wconf 84' lang='lat' dir='ltr'>bite</span> <span class='ocrx_word' id='word_1_476' title='bbox 1002 1782 1087 1851; x_wconf 81' lang='lat' dir='ltr'>magis</span> <span class='ocrx_word' id='word_1_477' title='bbox 1099 1778 1183 1845; x_wconf 82' lang='lat' dir='ltr'>terro,</span> <span class='ocrx_word' id='word_1_478' title='bbox 1197 1781 1295 1835; x_wconf 92' lang='lat' dir='ltr'>merito</span> <span class='ocrx_word' id='word_1_479' title='bbox 1309 1779 1352 1836; x_wconf 85' lang='lat' dir='ltr'>eui</span> <span class='ocrx_word' id='word_1_480' title='bbox 1366 1780 1488 1852; x_wconf 82' lang='lat' dir='ltr'>suhjacet</span> <span class='ocrx_word' id='word_1_481' title='bbox 1500 1795 1598 1840; x_wconf 86' lang='lat' dir='ltr'>aurunt</span> 
     </span>
    </p>

    <p class='ocr_par' dir='ltr' id='par_1_21' title="bbox 924 1873 1651 2133">
     <span class='ocr_line' id='line_1_77' title="bbox 926 1873 1631 1945; baseline 0.009 -15"><span class='ocrx_word' id='word_1_482' title='bbox 926 1875 1021 1932; x_wconf 79' lang='lat' dir='ltr'>Ilicitis</span> <span class='ocrx_word' id='word_1_483' title='bbox 1034 1874 1120 1945; x_wconf 87' lang='lat' dir='ltr'>ignari</span> <span class='ocrx_word' id='word_1_484' title='bbox 1134 1893 1140 1929; x_wconf 95' lang='lat'><strong>:</strong></span> <span class='ocrx_word' id='word_1_485' title='bbox 1156 1873 1222 1931; x_wconf 89' lang='lat' dir='ltr'>tales</span> <span class='ocrx_word' id='word_1_486' title='bbox 1236 1889 1270 1930; x_wconf 94' lang='lat' dir='ltr'>ne</span> <span class='ocrx_word' id='word_1_487' title='bbox 1284 1889 1384 1945; x_wconf 89' lang='lat' dir='ltr'>sperne</span> <span class='ocrx_word' id='word_1_488' title='bbox 1396 1875 1523 1943; x_wconf 87' lang='lat' dir='ltr'>rebelles,</span> <span class='ocrx_word' id='word_1_489' title='bbox 1628 1933 1631 1936; x_wconf 81' lang='grc'>,</span> 
     </span>
     <span class='ocr_line' id='line_1_78' title="bbox 925 1967 1651 2040; baseline 0.006 -17"><span class='ocrx_word' id='word_1_490' title='bbox 925 1967 995 2025; x_wconf 85' lang='lat' dir='ltr'>Etsi</span> <span class='ocrx_word' id='word_1_491' title='bbox 1011 1983 1064 2023; x_wconf 92' lang='lat' dir='ltr'>non</span> <span class='ocrx_word' id='word_1_492' title='bbox 1079 1967 1161 2034; x_wconf 89' lang='lat' dir='ltr'>acies,</span> <span class='ocrx_word' id='word_1_493' title='bbox 1177 1967 1306 2023; x_wconf 89' lang='lat' dir='ltr'>decorant</span> <span class='ocrx_word' id='word_1_494' title='bbox 1321 1975 1410 2024; x_wconf 90' lang='lat' dir='ltr'>tamen</span> <span class='ocrx_word' id='word_1_495' title='bbox 1424 1968 1475 2024; x_wconf 89' lang='lat' dir='ltr'>ista</span> <span class='ocrx_word' id='word_1_496' title='bbox 1487 1967 1651 2040; x_wconf 86' lang='lat' dir='ltr'>triumphos.</span> 
     </span>
     <span class='ocr_line' id='line_1_79' title="bbox 924 2058 1590 2133; baseline 0 -17"><span class='ocrx_word' id='word_1_497' title='bbox 924 2060 979 2116; x_wconf 87' lang='lat' dir='ltr'>Nec</span> <span class='ocrx_word' id='word_1_498' title='bbox 992 2075 1036 2116; x_wconf 91' lang='lat' dir='ltr'>mc</span> <span class='ocrx_word' id='word_1_499' title='bbox 1051 2059 1173 2131; x_wconf 82' lang='lat' dir='ltr'>hagaeam</span> <span class='ocrx_word' id='word_1_500' title='bbox 1185 2058 1297 2128; x_wconf 88' lang='lat' dir='ltr'>stirpem</span> <span class='ocrx_word' id='word_1_501' title='bbox 1310 2072 1476 2125; x_wconf 86' lang='lat' dir='ltr'>memorasse</span> <span class='ocrx_word' id='word_1_502' title='bbox 1488 2058 1590 2133; x_wconf 75' lang='lat' dir='ltr'>pigebit</span> 
     </span>
    </p>

    <p class='ocr_par' dir='ltr' id='par_1_22' title="bbox 924 2152 1710 2318">
     <span class='ocr_line' id='line_1_80' title="bbox 924 2152 1710 2227; baseline 0.011 -19"><span class='ocrx_word' id='word_1_503' title='bbox 924 2153 1016 2210; x_wconf 88' lang='lat' dir='ltr'>llostis</span> <span class='ocrx_word' id='word_1_504' title='bbox 1025 2153 1058 2208; x_wconf 89' lang='lat' dir='ltr'>ad</span> <span class='ocrx_word' id='word_1_505' title='bbox 1070 2152 1220 2224; x_wconf 80' lang='lat' dir='ltr'>exemplum</span> <span class='ocrx_word' id='word_1_506' title='bbox 1233 2152 1314 2210; x_wconf 82' lang='lat' dir='ltr'>vestri</span> <span class='ocrx_word' id='word_1_507' title='bbox 1327 2170 1334 2208; x_wconf 88' lang='lat'>:</span> <span class='ocrx_word' id='word_1_508' title='bbox 1346 2167 1462 2224; x_wconf 90' lang='lat' dir='ltr'>namque</span> <span class='ocrx_word' id='word_1_509' title='bbox 1470 2167 1588 2227; x_wconf 90' lang='lat' dir='ltr'>auguror</span> <span class='ocrx_word' id='word_1_510' title='bbox 1597 2152 1614 2194; x_wconf 72' lang='lat'>¹</span> <span class='ocrx_word' id='word_1_511' title='bbox 1624 2155 1710 2217; x_wconf 69' lang='lat' dir='ltr'>Mun</span> 
     </span>
     <span class='ocr_line' id='line_1_81' title="bbox 924 2246 1580 2318; baseline 0.005 -15"><span class='ocrx_word' id='word_1_512' title='bbox 924 2247 1024 2318; x_wconf 84' lang='lat' dir='ltr'>llegnls</span> <span class='ocrx_word' id='word_1_513' title='bbox 1037 2247 1170 2304; x_wconf 84' lang='lat' dir='ltr'>tartunam</span> <span class='ocrx_word' id='word_1_514' title='bbox 1185 2246 1310 2317; x_wconf 88' lang='lat' dir='ltr'>similem,</span> <span class='ocrx_word' id='word_1_515' title='bbox 1326 2261 1387 2302; x_wconf 93' lang='lat' dir='ltr'>eum</span> <span class='ocrx_word' id='word_1_516' title='bbox 1400 2246 1479 2304; x_wconf 84' lang='lat' dir='ltr'>luxus</span> <span class='ocrx_word' id='word_1_517' title='bbox 1493 2248 1580 2307; x_wconf 89' lang='lat' dir='ltr'>inilia</span> 
     </span>
    </p>

    <p class='ocr_par' dir='ltr' id='par_1_23' title="bbox 925 2337 1561 2413">
     <span class='ocr_line' id='line_1_82' title="bbox 925 2337 1561 2413; baseline 0.002 -16"><span class='ocrx_word' id='word_1_518' title='bbox 925 2342 1003 2398; x_wconf 87' lang='lat' dir='ltr'>Parte</span> <span class='ocrx_word' id='word_1_519' title='bbox 1015 2341 1051 2397; x_wconf 88' lang='lat' dir='ltr'>sit</span> <span class='ocrx_word' id='word_1_520' title='bbox 1065 2340 1185 2413; x_wconf 89' lang='lat' dir='ltr'>aequalis,</span> <span class='ocrx_word' id='word_1_521' title='bbox 1202 2355 1251 2395; x_wconf 94' lang='lat' dir='ltr'>nec</span> <span class='ocrx_word' id='word_1_522' title='bbox 1263 2339 1340 2410; x_wconf 74' lang='lat' dir='ltr'>peior</span> <span class='ocrx_word' id='word_1_523' title='bbox 1352 2337 1443 2397; x_wconf 86' lang='lat' dir='ltr'>Caesar</span> <span class='ocrx_word' id='word_1_524' title='bbox 1456 2339 1484 2396; x_wconf 89' lang='lat' dir='ltr'>in</span> <span class='ocrx_word' id='word_1_525' title='bbox 1499 2341 1561 2398; x_wconf 84' lang='lat' dir='ltr'>ista.</span> 
     </span>
    </p>

    <p class='ocr_par' dir='ltr' id='par_1_24' title="bbox 924 2430 1720 2782">
     <span class='ocr_line' id='line_1_83' title="bbox 927 2430 1647 2504; baseline 0.006 -16"><span class='ocrx_word' id='word_1_526' title='bbox 927 2442 938 2480; x_wconf 80' lang='grc' dir='ltr'>ι</span> <span class='ocrx_word' id='word_1_527' title='bbox 953 2432 1028 2489; x_wconf 92' lang='lat' dir='ltr'>llicet</span> <span class='ocrx_word' id='word_1_528' title='bbox 1045 2430 1207 2504; x_wconf 75' lang='lat' dir='ltr'>aggrederis,</span> <span class='ocrx_word' id='word_1_529' title='bbox 1225 2430 1296 2502; x_wconf 92' lang='lat' dir='ltr'>quod</span> <span class='ocrx_word' id='word_1_530' title='bbox 1310 2431 1398 2487; x_wconf 92' lang='lat' dir='ltr'>nullus</span> <span class='ocrx_word' id='word_1_531' title='bbox 1413 2443 1535 2503; x_wconf 86' lang='lat' dir='ltr'>tempore</span> <span class='ocrx_word' id='word_1_532' title='bbox 1548 2441 1647 2492; x_wconf 86' lang='lat' dir='ltr'>nostro</span> 
     </span>
     <span class='ocr_line' id='line_1_84' title="bbox 924 2523 1629 2596; baseline 0 -16"><span class='ocrx_word' id='word_1_533' title='bbox 924 2527 1060 2596; x_wconf 79' lang='lat' dir='ltr'>Augustus</span> <span class='ocrx_word' id='word_1_534' title='bbox 1072 2524 1159 2595; x_wconf 91' lang='lat' dir='ltr'>potuit</span> <span class='ocrx_word' id='word_1_535' title='bbox 1174 2542 1181 2577; x_wconf 78' lang='lat' dir='ltr'><strong><em>z</em></strong></span> <span class='ocrx_word' id='word_1_536' title='bbox 1198 2523 1312 2595; x_wconf 90' lang='lat' dir='ltr'>rigidum</span> <span class='ocrx_word' id='word_1_537' title='bbox 1324 2523 1506 2595; x_wconf 89' lang='lat' dir='ltr'>septemplicis</span> <span class='ocrx_word' id='word_1_538' title='bbox 1520 2523 1581 2582; x_wconf 88' lang='lat' dir='ltr'>istri</span> <span class='ocrx_word' id='word_1_539' title='bbox 1625 2545 1629 2553; x_wconf 95' lang='lat'>·</span> 
     </span>
     <span class='ocr_line' id='line_1_85' title="bbox 925 2615 1720 2688; baseline 0.004 -14"><span class='ocrx_word' id='word_1_540' title='bbox 925 2620 1026 2688; x_wconf 88' lang='lat' dir='ltr'>llgmen</span> <span class='ocrx_word' id='word_1_541' title='bbox 1040 2617 1066 2677; x_wconf 94' lang='lat' dir='ltr'>in</span> <span class='ocrx_word' id='word_1_542' title='bbox 1079 2632 1153 2672; x_wconf 90' lang='lat' dir='ltr'>arma</span> <span class='ocrx_word' id='word_1_543' title='bbox 1175 2617 1262 2687; x_wconf 83' lang='lat' dir='ltr'>rapis3</span> <span class='ocrx_word' id='word_1_544' title='bbox 1276 2631 1338 2672; x_wconf 90' lang='lat' dir='ltr'>nam</span> <span class='ocrx_word' id='word_1_545' title='bbox 1352 2615 1482 2688; x_wconf 90' lang='lat' dir='ltr'>quidquid</span> <span class='ocrx_word' id='word_1_546' title='bbox 1505 2616 1650 2688; x_wconf 88' lang='lat' dir='ltr'>languidus</span> <span class='ocrx_word' id='word_1_547' title='bbox 1663 2617 1720 2677; x_wconf 79' lang='lat' dir='ltr'>axia</span> 
     </span>
     <span class='ocr_line' id='line_1_86' title="bbox 925 2708 1637 2782; baseline 0.001 -16"><span class='ocrx_word' id='word_1_548' title='bbox 925 2710 1039 2766; x_wconf 83' lang='lat' dir='ltr'>Cardine</span> <span class='ocrx_word' id='word_1_549' title='bbox 1057 2709 1181 2766; x_wconf 88' lang='lat' dir='ltr'>Sithonio</span> <span class='ocrx_word' id='word_1_550' title='bbox 1193 2708 1245 2766; x_wconf 82' lang='lat' dir='ltr'>sarh</span> <span class='ocrx_word' id='word_1_551' title='bbox 1259 2708 1392 2766; x_wconf 85' lang='lat' dir='ltr'>Parrhase</span> <span class='ocrx_word' id='word_1_552' title='bbox 1405 2709 1519 2780; x_wconf 88' lang='lat' dir='ltr'>parturit</span> <span class='ocrx_word' id='word_1_553' title='bbox 1533 2724 1608 2782; x_wconf 85' lang='lat' dir='ltr'>arsa,</span> <span class='ocrx_word' id='word_1_554' title='bbox 1633 2740 1637 2745; x_wconf 93' lang='lat'>-</span> 
     </span>
    </p>

    <p class='ocr_par' dir='ltr' id='par_1_25' title="bbox 923 2803 1719 3437">
     <span class='ocr_line' id='line_1_87' title="bbox 925 2803 1612 2875; baseline 0.004 -16"><span class='ocrx_word' id='word_1_555' title='bbox 925 2805 981 2860; x_wconf 91' lang='lat' dir='ltr'>lloe</span> <span class='ocrx_word' id='word_1_556' title='bbox 994 2814 1078 2861; x_wconf 91' lang='lat' dir='ltr'>totum</span> <span class='ocrx_word' id='word_1_557' title='bbox 1093 2813 1136 2859; x_wconf 91' lang='lat' dir='ltr'>tua</span> <span class='ocrx_word' id='word_1_558' title='bbox 1146 2804 1222 2874; x_wconf 87' lang='lat' dir='ltr'>signa</span> <span class='ocrx_word' id='word_1_559' title='bbox 1233 2813 1311 2875; x_wconf 87' lang='lat' dir='ltr'>paret</span> <span class='ocrx_word' id='word_1_560' title='bbox 1324 2823 1330 2858; x_wconf 92' lang='lat'><strong>:</strong></span> <span class='ocrx_word' id='word_1_561' title='bbox 1345 2804 1484 2874; x_wconf 82' lang='lat' dir='ltr'>Bastarna,</span> <span class='ocrx_word' id='word_1_562' title='bbox 1496 2803 1612 2872; x_wconf 83' lang='lat' dir='ltr'>Sacros,</span> 
     </span>
     <span class='ocr_line' id='line_1_88' title="bbox 925 2882 1694 2968; baseline 0.003 -15"><span class='ocrx_word' id='word_1_563' title='bbox 925 2897 1089 2964; x_wconf 88' lang='lat' dir='ltr'>Pannonius,</span> <span class='ocrx_word' id='word_1_564' title='bbox 1105 2896 1219 2964; x_wconf 87' lang='lat' dir='ltr'>Neurus,</span> <span class='ocrx_word' id='word_1_565' title='bbox 1234 2895 1354 2962; x_wconf 89' lang='lat' dir='ltr'>Chunus,</span> <span class='ocrx_word' id='word_1_566' title='bbox 1371 2894 1448 2968; x_wconf 88' lang='lat' dir='ltr'>Geta,</span> <span class='ocrx_word' id='word_1_567' title='bbox 1464 2882 1563 2965; x_wconf 81' lang='lat' dir='ltr'>Dacus,</span> <span class='ocrx_word' id='word_1_568' title='bbox 1578 2896 1694 2968; x_wconf 80' lang='lat' dir='ltr'>dianus.</span> 
     </span>
     <span class='ocr_line' id='line_1_89' title="bbox 925 2988 1628 3060; baseline 0.003 -16"><span class='ocrx_word' id='word_1_569' title='bbox 925 2989 1107 3056; x_wconf 83' lang='lat' dir='ltr'>bellonothus,</span> <span class='ocrx_word' id='word_1_570' title='bbox 1122 2988 1223 3060; x_wconf 85' lang='lat' dir='ltr'>Rugus,</span> <span class='ocrx_word' id='word_1_571' title='bbox 1239 2988 1404 3060; x_wconf 83' lang='lat' dir='ltr'>Burgundio,</span> <span class='ocrx_word' id='word_1_572' title='bbox 1419 2988 1516 3055; x_wconf 83' lang='lat' dir='ltr'>Vesus,</span> <span class='ocrx_word' id='word_1_573' title='bbox 1532 2989 1628 3057; x_wconf 69' lang='lat' dir='ltr'>atita,</span> 
     </span>
     <span class='ocr_line' id='line_1_90' title="bbox 924 3078 1719 3153; baseline 0.004 -17"><span class='ocrx_word' id='word_1_574' title='bbox 924 3083 1033 3149; x_wconf 81' lang='lat' dir='ltr'>bisalta,</span> <span class='ocrx_word' id='word_1_575' title='bbox 1045 3080 1236 3153; x_wconf 85' lang='lat' dir='ltr'>Ostrogothus,</span> <span class='ocrx_word' id='word_1_576' title='bbox 1252 3082 1406 3149; x_wconf 88' lang='lat' dir='ltr'>Precustes,</span> <span class='ocrx_word' id='word_1_577' title='bbox 1428 3080 1566 3149; x_wconf 87' lang='lat' dir='ltr'>Sarmata,</span> <span class='ocrx_word' id='word_1_578' title='bbox 1581 3078 1719 3152; x_wconf 75' lang='lat' dir='ltr'>timebas,</span> 
     </span>
     <span class='ocr_line' id='line_1_91' title="bbox 924 3174 1592 3247; baseline 0.004 -17"><span class='ocrx_word' id='word_1_579' title='bbox 924 3174 989 3231; x_wconf 85' lang='lat' dir='ltr'>Post</span> <span class='ocrx_word' id='word_1_580' title='bbox 1003 3177 1108 3247; x_wconf 91' lang='lat' dir='ltr'>aquilas</span> <span class='ocrx_word' id='word_1_581' title='bbox 1124 3191 1225 3233; x_wconf 84' lang='lat' dir='ltr'>uenere</span> <span class='ocrx_word' id='word_1_582' title='bbox 1239 3184 1314 3242; x_wconf 89' lang='lat' dir='ltr'>tuas;</span> <span class='ocrx_word' id='word_1_583' title='bbox 1331 3176 1377 3232; x_wconf 91' lang='lat' dir='ltr'>tihi</span> <span class='ocrx_word' id='word_1_584' title='bbox 1392 3176 1490 3233; x_wconf 88' lang='lat' dir='ltr'>militat</span> <span class='ocrx_word' id='word_1_585' title='bbox 1502 3174 1592 3233; x_wconf 86' lang='lat' dir='ltr'>omnis</span> 
     </span>
     <span class='ocr_line' id='line_1_92' title="bbox 924 3269 1624 3342; baseline 0 -17"><span class='ocrx_word' id='word_1_586' title='bbox 924 3270 1069 3337; x_wconf 75' lang='lat' dir='ltr'>Caucasus,</span> <span class='ocrx_word' id='word_1_587' title='bbox 1084 3279 1111 3326; x_wconf 93' lang='lat' dir='ltr'>et</span> <span class='ocrx_word' id='word_1_588' title='bbox 1122 3270 1257 3342; x_wconf 87' lang='lat' dir='ltr'>Scythicae</span> <span class='ocrx_word' id='word_1_589' title='bbox 1271 3278 1348 3340; x_wconf 92' lang='lat' dir='ltr'>potor</span> <span class='ocrx_word' id='word_1_590' title='bbox 1364 3269 1519 3327; x_wconf 87' lang='lat' dir='ltr'>Tanaiticus</span> <span class='ocrx_word' id='word_1_591' title='bbox 1532 3269 1624 3327; x_wconf 84' lang='lat' dir='ltr'>undae.</span> 
     </span>
     <span class='ocr_line' id='line_1_93' title="bbox 923 3365 1610 3437; baseline 0.003 -18"><span class='ocrx_word' id='word_1_592' title='bbox 923 3365 992 3434; x_wconf 81' lang='lat' dir='ltr'>Quid</span> <span class='ocrx_word' id='word_1_593' title='bbox 1008 3365 1088 3422; x_wconf 82' lang='lat' dir='ltr'>iaciat</span> <span class='ocrx_word' id='word_1_594' title='bbox 1098 3365 1203 3422; x_wconf 88' lang='lat' dir='ltr'>lortuua</span> <span class='ocrx_word' id='word_1_595' title='bbox 1214 3365 1281 3421; x_wconf 79' lang='lat' dir='ltr'>viri?</span> <span class='ocrx_word' id='word_1_596' title='bbox 1295 3380 1467 3437; x_wconf 88' lang='lat' dir='ltr'>quascunque</span> <span class='ocrx_word' id='word_1_597' title='bbox 1481 3367 1610 3431; x_wconf 88' lang='lat' dir='ltr'>minatur,</span> 
     </span>
    </p>

    <p class='ocr_par' dir='ltr' id='par_1_26' title="bbox 922 3455 1719 3711">
     <span class='ocr_line' id='line_1_94' title="bbox 924 3455 1719 3528; baseline 0.005 -16"><span class='ocrx_word' id='word_1_598' title='bbox 924 3456 977 3512; x_wconf 88' lang='lat' dir='ltr'>lias</span> <span class='ocrx_word' id='word_1_599' title='bbox 993 3457 1100 3513; x_wconf 89' lang='lat' dir='ltr'>tremuit</span> <span class='ocrx_word' id='word_1_600' title='bbox 1112 3457 1167 3527; x_wconf 86' lang='lat' dir='ltr'>jam</span> <span class='ocrx_word' id='word_1_601' title='bbox 1181 3457 1264 3512; x_wconf 88' lang='lat' dir='ltr'>lloma</span> <span class='ocrx_word' id='word_1_602' title='bbox 1275 3471 1370 3512; x_wconf 90' lang='lat' dir='ltr'>manus</span> <span class='ocrx_word' id='word_1_603' title='bbox 1383 3471 1391 3510; x_wconf 80' lang='lat' dir='ltr'><em>z</em></span> <span class='ocrx_word' id='word_1_604' title='bbox 1405 3455 1486 3513; x_wconf 92' lang='lat' dir='ltr'>modo</span> <span class='ocrx_word' id='word_1_605' title='bbox 1495 3456 1617 3528; x_wconf 90' lang='lat' dir='ltr'>principe</span> <span class='ocrx_word' id='word_1_606' title='bbox 1630 3455 1681 3515; x_wconf 85' lang='lat' dir='ltr'>sub</span> <span class='ocrx_word' id='word_1_607' title='bbox 1692 3461 1719 3516; x_wconf 78' lang='lat' dir='ltr'>td</span> 
     </span>
     <span class='ocr_line' id='line_1_95' title="bbox 922 3546 1621 3619; baseline -0.003 -14"><span class='ocrx_word' id='word_1_608' title='bbox 922 3550 961 3607; x_wconf 89' lang='lat' dir='ltr'>Ne</span> <span class='ocrx_word' id='word_1_609' title='bbox 976 3558 1085 3617; x_wconf 88' lang='lat' dir='ltr'>metuat,</span> <span class='ocrx_word' id='word_1_610' title='bbox 1105 3563 1186 3619; x_wconf 88' lang='lat' dir='ltr'>prope</span> <span class='ocrx_word' id='word_1_611' title='bbox 1202 3556 1380 3619; x_wconf 80' lang='lat' dir='ltr'>perrepunt,</span> <span class='ocrx_word' id='word_1_612' title='bbox 1396 3547 1448 3605; x_wconf 93' lang='lat' dir='ltr'>nisi</span> <span class='ocrx_word' id='word_1_613' title='bbox 1458 3548 1559 3605; x_wconf 80' lang='lat' dir='ltr'>serviat</span> <span class='ocrx_word' id='word_1_614' title='bbox 1571 3546 1621 3615; x_wconf 89' lang='lat' dir='ltr'>illi,</span> 
     </span>
     <span class='ocr_line' id='line_1_96' title="bbox 923 3639 1645 3711; baseline 0 -15"><span class='ocrx_word' id='word_1_615' title='bbox 923 3642 999 3709; x_wconf 85' lang='lat' dir='ltr'>Quod</span> <span class='ocrx_word' id='word_1_616' title='bbox 1015 3639 1103 3696; x_wconf 87' lang='lat' dir='ltr'>timuit</span> <span class='ocrx_word' id='word_1_617' title='bbox 1113 3648 1240 3711; x_wconf 91' lang='lat' dir='ltr'>regnante</span> <span class='ocrx_word' id='word_1_618' title='bbox 1255 3641 1318 3697; x_wconf 87' lang='lat' dir='ltr'>alio.</span> <span class='ocrx_word' id='word_1_619' title='bbox 1333 3639 1392 3697; x_wconf 82' lang='lat' dir='ltr'>iam</span> <span class='ocrx_word' id='word_1_620' title='bbox 1403 3652 1490 3696; x_wconf 88' lang='lat' dir='ltr'>castra</span> <span class='ocrx_word' id='word_1_621' title='bbox 1505 3639 1645 3707; x_wconf 82' lang='lat' dir='ltr'>movebas,</span> 
     </span>
    </p>

    <p class='ocr_par' dir='ltr' id='par_1_27' title="bbox 923 3732 1483 3805">
     <span class='ocr_line' id='line_1_97' title="bbox 923 3732 1483 3805; baseline -0.005 -16"><span class='ocrx_word' id='word_1_622' title='bbox 923 3735 956 3789; x_wconf 83' lang='lat' dir='ltr'>ht</span> <span class='ocrx_word' id='word_1_623' title='bbox 971 3742 995 3789; x_wconf 90' lang='lat' dir='ltr'>te</span> <span class='ocrx_word' id='word_1_624' title='bbox 1010 3733 1123 3789; x_wconf 80' lang='lat' dir='ltr'>dirersis</span> <span class='ocrx_word' id='word_1_625' title='bbox 1137 3733 1271 3804; x_wconf 86' lang='lat' dir='ltr'>stipabant</span> <span class='ocrx_word' id='word_1_626' title='bbox 1285 3732 1367 3803; x_wconf 90' lang='lat' dir='ltr'>millia</span> <span class='ocrx_word' id='word_1_627' title='bbox 1378 3733 1462 3805; x_wconf 89' lang='lat' dir='ltr'>signis</span> <span class='ocrx_word' id='word_1_628' title='bbox 1476 3751 1483 3786; x_wconf 78' lang='grc' dir='ltr'><strong><em>ε</em></strong></span> 
     </span>
    </p>

    <p class='ocr_par' dir='ltr' id='par_1_28' title="bbox 923 3827 1674 3902">
     <span class='ocr_line' id='line_1_98' title="bbox 923 3827 1674 3902; baseline 0 -16"><span class='ocrx_word' id='word_1_629' title='bbox 923 3827 933 3869; x_wconf 73' lang='lat' dir='ltr'>l</span> <span class='ocrx_word' id='word_1_630' title='bbox 948 3829 1112 3902; x_wconf 86' lang='lat' dir='ltr'>Obsequium</span> <span class='ocrx_word' id='word_1_631' title='bbox 1131 3843 1198 3900; x_wconf 92' lang='lat' dir='ltr'>gens</span> <span class='ocrx_word' id='word_1_632' title='bbox 1211 3843 1264 3884; x_wconf 88' lang='lat' dir='ltr'>una</span> <span class='ocrx_word' id='word_1_633' title='bbox 1277 3836 1366 3900; x_wconf 89' lang='lat' dir='ltr'>negat,</span> <span class='ocrx_word' id='word_1_634' title='bbox 1383 3842 1443 3900; x_wconf 88' lang='lat' dir='ltr'>quac</span> <span class='ocrx_word' id='word_1_635' title='bbox 1456 3842 1541 3900; x_wconf 91' lang='lat' dir='ltr'>nuper</span> <span class='ocrx_word' id='word_1_636' title='bbox 1554 3827 1589 3885; x_wconf 91' lang='lat' dir='ltr'>ab</span> <span class='ocrx_word' id='word_1_637' title='bbox 1604 3829 1674 3886; x_wconf 90' lang='lat' dir='ltr'>lstro</span> 
     </span>
    </p>
   </div>
   <div class='ocr_carea' id='block_1_8' title="bbox 919 4006 1718 4575">
    <p class='ocr_par' dir='ltr' id='par_1_29' title="bbox 919 4006 1718 4575">
     <span class='ocr_line' id='line_1_99' title="bbox 924 4006 1717 4080; baseline 0 -14"><span class='ocrx_word' id='word_1_638' title='bbox 924 4025 1004 4080; x_wconf 86' lang='lat' dir='ltr'>supra</span> <span class='ocrx_word' id='word_1_639' title='bbox 1017 4011 1123 4068; x_wconf 87' lang='lat' dir='ltr'>Daciam</span> <span class='ocrx_word' id='word_1_640' title='bbox 1138 4011 1216 4066; x_wconf 89' lang='lat' dir='ltr'>sedes</span> <span class='ocrx_word' id='word_1_641' title='bbox 1233 4007 1396 4073; x_wconf 90' lang='lat' dir='ltr'>hahuerunt,</span> <span class='ocrx_word' id='word_1_642' title='bbox 1411 4023 1464 4063; x_wconf 95' lang='lat' dir='ltr'>non</span> <span class='ocrx_word' id='word_1_643' title='bbox 1480 4006 1573 4076; x_wconf 89' lang='lat' dir='ltr'>procul</span> <span class='ocrx_word' id='word_1_644' title='bbox 1594 4024 1610 4063; x_wconf 90' lang='lat' dir='ltr'>a</span> <span class='ocrx_word' id='word_1_645' title='bbox 1625 4006 1717 4066; x_wconf 83' lang='lat' dir='ltr'>lloao-</span> 
     </span>
     <span class='ocr_line' id='line_1_100' title="bbox 923 4078 1718 4152; baseline 0.001 -17"><span class='ocrx_word' id='word_1_646' title='bbox 923 4082 1001 4148; x_wconf 86' lang='lat' dir='ltr'>larris,</span> <span class='ocrx_word' id='word_1_647' title='bbox 1014 4083 1110 4152; x_wconf 90' lang='lat' dir='ltr'>quihus</span> <span class='ocrx_word' id='word_1_648' title='bbox 1124 4082 1149 4136; x_wconf 88' lang='lat' dir='ltr'>in</span> <span class='ocrx_word' id='word_1_649' title='bbox 1168 4081 1308 4137; x_wconf 85' lang='lat' dir='ltr'>Tiburtina</span> <span class='ocrx_word' id='word_1_650' title='bbox 1324 4078 1423 4132; x_wconf 83' lang='lat' dir='ltr'>AEliani</span> <span class='ocrx_word' id='word_1_651' title='bbox 1445 4078 1621 4148; x_wconf 89' lang='lat' dir='ltr'>inscriptione</span> <span class='ocrx_word' id='word_1_652' title='bbox 1632 4094 1718 4151; x_wconf 87' lang='lat' dir='ltr'>copu-</span> 
     </span>
     <span class='ocr_line' id='line_1_101' title="bbox 923 4148 1717 4224; baseline 0 -18"><span class='ocrx_word' id='word_1_653' title='bbox 923 4153 1011 4208; x_wconf 88' lang='lat' dir='ltr'>lantur</span> <span class='ocrx_word' id='word_1_654' title='bbox 1025 4171 1032 4207; x_wconf 79' lang='grc' dir='ltr'>ι</span> <span class='ocrx_word' id='word_1_655' title='bbox 1047 4153 1116 4224; x_wconf 90' lang='lat' dir='ltr'>apud</span> <span class='ocrx_word' id='word_1_656' title='bbox 1130 4150 1311 4220; x_wconf 85' lang='lat' dir='ltr'>Capitolinum</span> <span class='ocrx_word' id='word_1_657' title='bbox 1324 4150 1387 4205; x_wconf 90' lang='lat' dir='ltr'>item</span> <span class='ocrx_word' id='word_1_658' title='bbox 1401 4149 1427 4204; x_wconf 93' lang='lat' dir='ltr'>in</span> <span class='ocrx_word' id='word_1_659' title='bbox 1439 4149 1538 4204; x_wconf 83' lang='lat' dir='ltr'>blarco.</span> <span class='ocrx_word' id='word_1_660' title='bbox 1555 4148 1660 4205; x_wconf 87' lang='lat' dir='ltr'>ilerum</span> <span class='ocrx_word' id='word_1_661' title='bbox 1671 4165 1717 4206; x_wconf 85' lang='lat' dir='ltr'>co-</span> 
     </span>
     <span class='ocr_line' id='line_1_102' title="bbox 922 4220 1717 4279; baseline 0.001 -2"><span class='ocrx_word' id='word_1_662' title='bbox 922 4224 1022 4279; x_wconf 87' lang='lat' dir='ltr'>leniam</span> <span class='ocrx_word' id='word_1_663' title='bbox 1038 4233 1145 4279; x_wconf 90' lang='lat' dir='ltr'>eentum</span> <span class='ocrx_word' id='word_1_664' title='bbox 1162 4223 1272 4276; x_wconf 84' lang='lat' dir='ltr'>nullium</span> <span class='ocrx_word' id='word_1_665' title='bbox 1286 4221 1312 4276; x_wconf 91' lang='lat' dir='ltr'>in</span> <span class='ocrx_word' id='word_1_666' title='bbox 1326 4221 1466 4274; x_wconf 87' lang='lat' dir='ltr'>Thraciam</span> <span class='ocrx_word' id='word_1_667' title='bbox 1481 4221 1507 4274; x_wconf 92' lang='lat' dir='ltr'>in</span> <span class='ocrx_word' id='word_1_668' title='bbox 1522 4220 1646 4275; x_wconf 83' lang='lat' dir='ltr'>Romano</span> <span class='ocrx_word' id='word_1_669' title='bbox 1657 4222 1717 4278; x_wconf 85' lang='lat' dir='ltr'>solo</span> 
     </span>
     <span class='ocr_line' id='line_1_103' title="bbox 923 4289 1716 4359; baseline 0 -11"><span class='ocrx_word' id='word_1_670' title='bbox 923 4296 1078 4350; x_wconf 81' lang='lat' dir='ltr'>translatam</span> <span class='ocrx_word' id='word_1_671' title='bbox 1093 4293 1208 4351; x_wconf 92' lang='lat' dir='ltr'>aPreho</span> <span class='ocrx_word' id='word_1_672' title='bbox 1224 4300 1377 4348; x_wconf 85' lang='lat' dir='ltr'>nrenaorant</span> <span class='ocrx_word' id='word_1_673' title='bbox 1390 4289 1532 4359; x_wconf 80' lang='lat' dir='ltr'>Vopiscus.</span> <span class='ocrx_word' id='word_1_674' title='bbox 1547 4299 1576 4346; x_wconf 88' lang='lat' dir='ltr'>et</span> <span class='ocrx_word' id='word_1_675' title='bbox 1588 4290 1716 4348; x_wconf 83' lang='lat' dir='ltr'>Zosimus</span> 
     </span>
     <span class='ocr_line' id='line_1_104' title="bbox 922 4360 1716 4443; baseline 0.003 -25"><span class='ocrx_word' id='word_1_676' title='bbox 922 4366 967 4420; x_wconf 90' lang='lat' dir='ltr'>lib.</span> <span class='ocrx_word' id='word_1_677' title='bbox 983 4381 1001 4421; x_wconf 92' lang='grc' dir='ltr'>ι.</span> <span class='ocrx_word' id='word_1_678' title='bbox 1014 4367 1099 4435; x_wconf 86' lang='lat' dir='ltr'>Supra</span> <span class='ocrx_word' id='word_1_679' title='bbox 1110 4365 1159 4418; x_wconf 85' lang='lat' dir='ltr'>lres</span> <span class='ocrx_word' id='word_1_680' title='bbox 1174 4364 1266 4428; x_wconf 76' lang='lat' dir='ltr'>iteruri,</span> <span class='ocrx_word' id='word_1_681' title='bbox 1279 4361 1452 4443; x_wconf 71' lang='lat' dir='ltr'>Botrysthcnis</span> <span class='ocrx_word' id='word_1_682' title='bbox 1464 4361 1539 4437; x_wconf 40' lang='lat' dir='ltr'>,tonte</span> <span class='ocrx_word' id='word_1_683' title='bbox 1550 4370 1578 4416; x_wconf 85' lang='lat' dir='ltr'>ct</span> <span class='ocrx_word' id='word_1_684' title='bbox 1592 4360 1716 4420; x_wconf 79' lang='lat' dir='ltr'>lahulos‘a</span> 
     </span>
     <span class='ocr_line' id='line_1_105' title="bbox 920 4431 1716 4505; baseline 0 -15"><span class='ocrx_word' id='word_1_685' title='bbox 920 4437 946 4490; x_wconf 93' lang='lat' dir='ltr'>in</span> <span class='ocrx_word' id='word_1_686' title='bbox 963 4437 1039 4505; x_wconf 81' lang='lat' dir='ltr'>bipes</span> <span class='ocrx_word' id='word_1_687' title='bbox 1053 4435 1261 4504; x_wconf 78' lang='lat' dir='ltr'>metarnnrphesi</span> <span class='ocrx_word' id='word_1_688' title='bbox 1277 4434 1390 4489; x_wconf 90' lang='lat' dir='ltr'>nohdcs.</span> <span class='ocrx_word' id='word_1_689' title='bbox 1405 4431 1539 4488; x_wconf 88' lang='lat' dir='ltr'>Licentius</span> <span class='ocrx_word' id='word_1_690' title='bbox 1552 4433 1580 4487; x_wconf 93' lang='lat' dir='ltr'>in</span> <span class='ocrx_word' id='word_1_691' title='bbox 1593 4433 1716 4504; x_wconf 83' lang='lat' dir='ltr'>carmine</span> 
     </span>
     <span class='ocr_line' id='line_1_106' title="bbox 919 4507 1627 4575; baseline -0.014 -14"><span class='ocrx_word' id='word_1_692' title='bbox 919 4507 952 4561; x_wconf 91' lang='lat' dir='ltr'>ad</span> <span class='ocrx_word' id='word_1_693' title='bbox 968 4508 1145 4575; x_wconf 79' lang='lat' dir='ltr'>alrrgrrstinum</span> <span class='ocrx_word' id='word_1_694' title='bbox 1161 4523 1167 4559; x_wconf 95' lang='lat'><strong>:</strong></span> <span class='ocrx_word' id='word_1_695' title='bbox 1624 4541 1627 4545; x_wconf 89' lang='lat'>.</span> 
     </span>
    </p>
   </div>
   <div class='ocr_carea' id='block_1_9' title="bbox 981 4594 1555 4660">
    <p class='ocr_par' dir='ltr' id='par_1_30' title="bbox 981 4594 1555 4660">
     <span class='ocr_line' id='line_1_107' title="bbox 981 4594 1555 4660; baseline -0.014 -10"><span class='ocrx_word' id='word_1_696' title='bbox 981 4598 1089 4650; x_wconf 88' lang='lat' dir='ltr'>Solstitie</span> <span class='ocrx_word' id='word_1_697' title='bbox 1101 4598 1205 4660; x_wconf 81' lang='lat' dir='ltr'>Neurus,</span> <span class='ocrx_word' id='word_1_698' title='bbox 1215 4599 1299 4647; x_wconf 87' lang='lat' dir='ltr'>bruma</span> <span class='ocrx_word' id='word_1_699' title='bbox 1311 4596 1449 4649; x_wconf 84' lang='lat' dir='ltr'>sectaberis</span> <span class='ocrx_word' id='word_1_700' title='bbox 1460 4594 1555 4646; x_wconf 87' lang='lat' dir='ltr'>istrum.</span> 
     </span>
    </p>
   </div>
   <div class='ocr_carea' id='block_1_10' title="bbox 918 4709 1718 5266">
    <p class='ocr_par' dir='ltr' id='par_1_31' title="bbox 918 4709 1718 5266">
     <span class='ocr_line' id='line_1_108' title="bbox 919 4709 1716 4782; baseline -0.001 -12"><span class='ocrx_word' id='word_1_701' title='bbox 919 4714 996 4770; x_wconf 62' lang='lat' dir='ltr'>illitae</span> <span class='ocrx_word' id='word_1_702' title='bbox 1014 4712 1149 4779; x_wconf 87' lang='lat' dir='ltr'>ridentur,</span> <span class='ocrx_word' id='word_1_703' title='bbox 1163 4727 1230 4781; x_wconf 89' lang='lat' dir='ltr'>quos</span> <span class='ocrx_word' id='word_1_704' title='bbox 1243 4711 1344 4766; x_wconf 85' lang='lat' dir='ltr'>Plinius</span> <span class='ocrx_word' id='word_1_705' title='bbox 1359 4711 1452 4766; x_wconf 87' lang='lat' dir='ltr'>lllutas</span> <span class='ocrx_word' id='word_1_706' title='bbox 1468 4711 1494 4765; x_wconf 92' lang='lat' dir='ltr'>in</span> <span class='ocrx_word' id='word_1_707' title='bbox 1511 4709 1616 4782; x_wconf 81' lang='lat' dir='ltr'>illyrico</span> <span class='ocrx_word' id='word_1_708' title='bbox 1628 4712 1716 4769; x_wconf 83' lang='lat' dir='ltr'>norni-</span> 
     </span>
     <span class='ocr_line' id='line_1_109' title="bbox 919 4782 1715 4840; baseline -0.001 0"><span class='ocrx_word' id='word_1_709' title='bbox 919 4797 975 4840; x_wconf 88' lang='lat' dir='ltr'>nat.</span> <span class='ocrx_word' id='word_1_710' title='bbox 1000 4784 1156 4838; x_wconf 83' lang='lat' dir='ltr'>bellonotus</span> <span class='ocrx_word' id='word_1_711' title='bbox 1177 4784 1256 4838; x_wconf 88' lang='lat' dir='ltr'>etiam</span> <span class='ocrx_word' id='word_1_712' title='bbox 1280 4784 1305 4836; x_wconf 90' lang='lat' dir='ltr'>in</span> <span class='ocrx_word' id='word_1_713' title='bbox 1329 4784 1426 4838; x_wconf 89' lang='lat' dir='ltr'>eastris</span> <span class='ocrx_word' id='word_1_714' title='bbox 1444 4782 1534 4836; x_wconf 79' lang='lat' dir='ltr'>Attilae</span> <span class='ocrx_word' id='word_1_715' title='bbox 1547 4790 1677 4839; x_wconf 84' lang='lat' dir='ltr'>rrrrmerat</span> <span class='ocrx_word' id='word_1_716' title='bbox 1687 4783 1715 4839; x_wconf 90' lang='lat' dir='ltr'>iu</span> 
     </span>
     <span class='ocr_line' id='line_1_110' title="bbox 920 4852 1715 4927; baseline 0.003 -20"><span class='ocrx_word' id='word_1_717' title='bbox 920 4857 1080 4927; x_wconf 75' lang='lat' dir='ltr'>praraegyrico</span> <span class='ocrx_word' id='word_1_718' title='bbox 1103 4854 1192 4908; x_wconf 66' lang='lat' dir='ltr'>Auiti,</span> <span class='ocrx_word' id='word_1_719' title='bbox 1207 4853 1313 4908; x_wconf 85' lang='lat' dir='ltr'>Valerio</span> <span class='ocrx_word' id='word_1_720' title='bbox 1337 4852 1434 4909; x_wconf 81' lang='lat' dir='ltr'>Flacco</span> <span class='ocrx_word' id='word_1_721' title='bbox 1456 4852 1587 4909; x_wconf 82' lang='lat' dir='ltr'>Palleuoti</span> <span class='ocrx_word' id='word_1_722' title='bbox 1609 4853 1660 4909; x_wconf 85' lang='lat' dir='ltr'>lib.</span> <span class='ocrx_word' id='word_1_723' title='bbox 1676 4870 1715 4922; x_wconf 78' lang='lat' dir='ltr'>aa,</span> 
     </span>
     <span class='ocr_line' id='line_1_111' title="bbox 918 4923 1717 4995; baseline -0.001 -14"><span class='ocrx_word' id='word_1_724' title='bbox 918 4928 987 4995; x_wconf 85' lang='lat' dir='ltr'>apud</span> <span class='ocrx_word' id='word_1_725' title='bbox 1002 4936 1080 4991; x_wconf 70' lang='lat' dir='ltr'>erarem</span> <span class='ocrx_word' id='word_1_726' title='bbox 1096 4933 1123 4979; x_wconf 92' lang='lat' dir='ltr'>ct</span> <span class='ocrx_word' id='word_1_727' title='bbox 1144 4924 1247 4979; x_wconf 84' lang='lat' dir='ltr'>llisattm</span> <span class='ocrx_word' id='word_1_728' title='bbox 1260 4923 1377 4995; x_wconf 82' lang='lat' dir='ltr'>Seyttriae</span> <span class='ocrx_word' id='word_1_729' title='bbox 1405 4924 1495 4991; x_wconf 91' lang='lat' dir='ltr'>populi</span> <span class='ocrx_word' id='word_1_730' title='bbox 1518 4938 1598 4991; x_wconf 87' lang='lat' dir='ltr'>supra</span> <span class='ocrx_word' id='word_1_731' title='bbox 1613 4924 1717 4982; x_wconf 81' lang='lat' dir='ltr'>lieniu-</span> 
     </span>
     <span class='ocr_line' id='line_1_112' title="bbox 918 4993 1716 5064; baseline 0.001 -12"><span class='ocrx_word' id='word_1_732' title='bbox 918 5000 994 5052; x_wconf 85' lang='lat' dir='ltr'>chus.</span> <span class='ocrx_word' id='word_1_733' title='bbox 1011 4997 1151 5052; x_wconf 88' lang='lat' dir='ltr'>Procnstes</span> <span class='ocrx_word' id='word_1_734' title='bbox 1163 4995 1243 5050; x_wconf 78' lang='lat' dir='ltr'>Attici</span> <span class='ocrx_word' id='word_1_735' title='bbox 1259 4995 1371 5048; x_wconf 82' lang='lat' dir='ltr'>latrorris</span> <span class='ocrx_word' id='word_1_736' title='bbox 1387 5008 1484 5050; x_wconf 87' lang='lat' dir='ltr'>nornen</span> <span class='ocrx_word' id='word_1_737' title='bbox 1499 4993 1606 5049; x_wconf 88' lang='lat' dir='ltr'>iuitsen</span> <span class='ocrx_word' id='word_1_738' title='bbox 1622 4997 1716 5064; x_wconf 86' lang='lat' dir='ltr'>potius</span> 
     </span>
     <span class='ocr_line' id='line_1_113' title="bbox 918 5065 1718 5138; baseline 0.005 -18"><span class='ocrx_word' id='word_1_739' title='bbox 918 5084 1077 5138; x_wconf 81' lang='lat' dir='ltr'>cognomen,</span> <span class='ocrx_word' id='word_1_740' title='bbox 1101 5066 1180 5138; x_wconf 59' lang='lat'>124</span> <span class='ocrx_word' id='word_1_741' title='bbox 1202 5080 1216 5118; x_wconf 90' lang='lat' dir='ltr'>a</span> <span class='ocrx_word' id='word_1_742' title='bbox 1236 5079 1266 5120; x_wconf 92' lang='lat' dir='ltr'>re</span> <span class='ocrx_word' id='word_1_743' title='bbox 1288 5065 1408 5126; x_wconf 89' lang='lat' dir='ltr'>ductum.</span> <span class='ocrx_word' id='word_1_744' title='bbox 1425 5073 1454 5119; x_wconf 93' lang='lat' dir='ltr'>ut</span> <span class='ocrx_word' id='word_1_745' title='bbox 1470 5075 1560 5120; x_wconf 88' lang='lat' dir='ltr'>rrarrat</span> <span class='ocrx_word' id='word_1_746' title='bbox 1581 5065 1718 5124; x_wconf 81' lang='lat' dir='ltr'>{liodorus</span> 
     </span>
     <span class='ocr_line' id='line_1_114' title="bbox 918 5135 1718 5209; baseline 0.001 -16"><span class='ocrx_word' id='word_1_747' title='bbox 918 5140 996 5194; x_wconf 75' lang='lat' dir='ltr'>lituu</span> <span class='ocrx_word' id='word_1_748' title='bbox 1018 5141 1116 5195; x_wconf 84' lang='lat' dir='ltr'>lterum</span> <span class='ocrx_word' id='word_1_749' title='bbox 1139 5137 1328 5206; x_wconf 80' lang='lat' dir='ltr'>drrtiquarum.</span> <span class='ocrx_word' id='word_1_750' title='bbox 1354 5136 1481 5192; x_wconf 87' lang='lat' dir='ltr'>Sidonius</span> <span class='ocrx_word' id='word_1_751' title='bbox 1503 5135 1718 5209; x_wconf 73' lang='lat' dir='ltr'>gentis&#39;nouren</span> 
     </span>
     <span class='ocr_line' id='line_1_115' title="bbox 918 5212 991 5266; baseline 0 -1"><span class='ocrx_word' id='word_1_752' title='bbox 918 5212 991 5266; x_wconf 88' lang='lat' dir='ltr'>lacit.</span> 
     </span>
    </p>
   </div>
   <div class='ocr_carea' id='block_1_11' title="bbox 75 5276 1720 5858">
    <p class='ocr_par' dir='ltr' id='par_1_32' title="bbox 77 5276 1720 5640">
     <span class='ocr_line' id='line_1_116' title="bbox 77 5276 1719 5352; baseline 0.01 -19"><span class='ocrx_word' id='word_1_753' title='bbox 77 5277 201 5348; x_wconf 85' lang='lat' dir='ltr'>queejus</span> <span class='ocrx_word' id='word_1_754' title='bbox 213 5279 311 5351; x_wconf 81' lang='lat' dir='ltr'>iperet,</span> <span class='ocrx_word' id='word_1_755' title='bbox 327 5281 398 5336; x_wconf 91' lang='lat' dir='ltr'>idem</span> <span class='ocrx_word' id='word_1_756' title='bbox 409 5297 480 5337; x_wconf 93' lang='lat' dir='ltr'>nune</span> <span class='ocrx_word' id='word_1_757' title='bbox 494 5293 567 5338; x_wconf 90' lang='lat' dir='ltr'>essct</span> <span class='ocrx_word' id='word_1_758' title='bbox 579 5282 735 5350; x_wconf 88' lang='lat' dir='ltr'>Censerieo,</span> <span class='ocrx_word' id='word_1_759' title='bbox 749 5287 799 5340; x_wconf 90' lang='lat' dir='ltr'>hoe</span> <span class='ocrx_word' id='word_1_760' title='bbox 814 5295 864 5352; x_wconf 79' lang='lat' dir='ltr'>est,</span> <span class='ocrx_word' id='word_1_761' title='bbox 956 5280 965 5321; x_wconf 75' lang='lat'><em>¹</em></span> <span class='ocrx_word' id='word_1_762' title='bbox 988 5282 1155 5346; x_wconf 76' lang='lat' dir='ltr'>iittnhtlrum.</span> <span class='ocrx_word' id='word_1_763' title='bbox 1169 5281 1275 5348; x_wconf 60' lang='lat' dir='ltr'>ollium,</span> <span class='ocrx_word' id='word_1_764' title='bbox 1290 5293 1356 5352; x_wconf 76' lang='lat'><strong>(1⁰⁰⁸</strong></span> <span class='ocrx_word' id='word_1_765' title='bbox 1370 5276 1469 5345; x_wconf 62' lang='lat' dir='ltr'>“illici</span> <span class='ocrx_word' id='word_1_766' title='bbox 1483 5285 1546 5333; x_wconf 51' lang='lat'>¹¹0&amp;</span> <span class='ocrx_word' id='word_1_767' title='bbox 1568 5277 1719 5352; x_wconf 63' lang='lat' dir='ltr'>deiidmit</span> 
     </span>
     <span class='ocr_line' id='line_1_117' title="bbox 77 5336 1719 5424; baseline 0.004 -21"><span class='ocrx_word' id='word_1_768' title='bbox 77 5357 106 5403; x_wconf 91' lang='grc' dir='ltr'>ιιι</span> <span class='ocrx_word' id='word_1_769' title='bbox 119 5363 153 5404; x_wconf 87' lang='lat' dir='ltr'>eo</span> <span class='ocrx_word' id='word_1_770' title='bbox 167 5349 384 5418; x_wconf 66' lang='lat' dir='ltr'>vicocecorum,</span> <span class='ocrx_word' id='word_1_771' title='bbox 398 5351 486 5409; x_wconf 77' lang='lat' dir='ltr'>Africa</span> <span class='ocrx_word' id='word_1_772' title='bbox 507 5353 533 5407; x_wconf 92' lang='lat' dir='ltr'>in</span> <span class='ocrx_word' id='word_1_773' title='bbox 554 5354 692 5424; x_wconf 82' lang='lat' dir='ltr'>blajuriani</span> <span class='ocrx_word' id='word_1_774' title='bbox 709 5365 867 5424; x_wconf 86' lang='lat' dir='ltr'>potestatem</span> <span class='ocrx_word' id='word_1_775' title='bbox 917 5353 987 5422; x_wconf 91' lang='lat' dir='ltr'>qnod</span> <span class='ocrx_word' id='word_1_776' title='bbox 1003 5353 1036 5408; x_wconf 91' lang='lat' dir='ltr'>ab</span> <span class='ocrx_word' id='word_1_777' title='bbox 1050 5353 1119 5408; x_wconf 75' lang='lat' dir='ltr'>latro</span> <span class='ocrx_word' id='word_1_778' title='bbox 1132 5351 1253 5421; x_wconf 86' lang='lat' dir='ltr'>proiecti,</span> <span class='ocrx_word' id='word_1_779' title='bbox 1266 5336 1336 5420; x_wconf 90' lang='lat' dir='ltr'>quod</span> <span class='ocrx_word' id='word_1_780' title='bbox 1348 5351 1374 5405; x_wconf 93' lang='lat' dir='ltr'>in</span> <span class='ocrx_word' id='word_1_781' title='bbox 1389 5349 1492 5404; x_wconf 89' lang='lat' dir='ltr'>ltaliam</span> <span class='ocrx_word' id='word_1_782' title='bbox 1502 5347 1627 5417; x_wconf 83' lang='lat' dir='ltr'>redeant,</span> <span class='ocrx_word' id='word_1_783' title='bbox 1640 5353 1719 5423; x_wconf 91' lang='lat' dir='ltr'>quod</span> 
     </span>
     <span class='ocr_line' id='line_1_118' title="bbox 78 5419 1720 5496; baseline 0.001 -22"><span class='ocrx_word' id='word_1_784' title='bbox 78 5419 190 5477; x_wconf 85' lang='lat' dir='ltr'>reniret.</span> <span class='ocrx_word' id='word_1_785' title='bbox 205 5421 276 5478; x_wconf 91' lang='lat' dir='ltr'>luter</span> <span class='ocrx_word' id='word_1_786' title='bbox 289 5423 383 5478; x_wconf 89' lang='lat' dir='ltr'>eadem</span> <span class='ocrx_word' id='word_1_787' title='bbox 398 5425 468 5479; x_wconf 90' lang='lat' dir='ltr'>enim</span> <span class='ocrx_word' id='word_1_788' title='bbox 494 5438 588 5496; x_wconf 86' lang='lat' dir='ltr'>regna,</span> <span class='ocrx_word' id='word_1_789' title='bbox 614 5425 741 5481; x_wconf 81' lang='lat' dir='ltr'>burnonis</span> <span class='ocrx_word' id='word_1_790' title='bbox 764 5426 867 5482; x_wconf 89' lang='lat' dir='ltr'>seilicet</span> <span class='ocrx_word' id='word_1_791' title='bbox 917 5424 1033 5480; x_wconf 85' lang='lat' dir='ltr'>dominis</span> <span class='ocrx_word' id='word_1_792' title='bbox 1047 5439 1094 5493; x_wconf 90' lang='lat' dir='ltr'>per</span> <span class='ocrx_word' id='word_1_793' title='bbox 1104 5422 1174 5478; x_wconf 87' lang='lat' dir='ltr'>holla</span> <span class='ocrx_word' id='word_1_794' title='bbox 1188 5430 1318 5479; x_wconf 84' lang='lat' dir='ltr'>careant:</span> <span class='ocrx_word' id='word_1_795' title='bbox 1334 5436 1394 5492; x_wconf 79' lang='lat' dir='ltr'>quan</span> <span class='ocrx_word' id='word_1_796' title='bbox 1411 5421 1502 5478; x_wconf 82' lang='lat' dir='ltr'>omnia</span> <span class='ocrx_word' id='word_1_797' title='bbox 1525 5419 1631 5478; x_wconf 78' lang='lat' dir='ltr'>fluonia</span> <span class='ocrx_word' id='word_1_798' title='bbox 1646 5437 1720 5479; x_wconf 84' lang='lat' dir='ltr'>corr·</span> 
     </span>
     <span class='ocr_line' id='line_1_119' title="bbox 77 5490 1719 5568; baseline 0.004 -22"><span class='ocrx_word' id='word_1_799' title='bbox 77 5491 201 5562; x_wconf 77' lang='lat' dir='ltr'>Afrisque</span> <span class='ocrx_word' id='word_1_800' title='bbox 213 5502 350 5550; x_wconf 87' lang='lat' dir='ltr'>certamen</span> <span class='ocrx_word' id='word_1_801' title='bbox 369 5513 374 5548; x_wconf 95' lang='lat'><strong>:</strong></span> <span class='ocrx_word' id='word_1_802' title='bbox 392 5509 438 5564; x_wconf 89' lang='lat' dir='ltr'>par</span> <span class='ocrx_word' id='word_1_803' title='bbox 453 5494 590 5551; x_wconf 88' lang='lat' dir='ltr'>Ceuseriei</span> <span class='ocrx_word' id='word_1_804' title='bbox 609 5496 687 5553; x_wconf 84' lang='lat' dir='ltr'>lrrxus</span> <span class='ocrx_word' id='word_1_805' title='bbox 701 5506 728 5553; x_wconf 92' lang='lat' dir='ltr'>et</span> <span class='ocrx_word' id='word_1_806' title='bbox 751 5498 866 5568; x_wconf 87' lang='lat' dir='ltr'>Cleopa·</span> <span class='ocrx_word' id='word_1_807' title='bbox 917 5496 1048 5551; x_wconf 87' lang='lat' dir='ltr'>veniunt:</span> <span class='ocrx_word' id='word_1_808' title='bbox 1064 5494 1109 5564; x_wconf 91' lang='lat' dir='ltr'>qui</span> <span class='ocrx_word' id='word_1_809' title='bbox 1123 5490 1149 5546; x_wconf 92' lang='lat' dir='ltr'>in</span> <span class='ocrx_word' id='word_1_810' title='bbox 1162 5491 1262 5546; x_wconf 89' lang='lat' dir='ltr'>ltaliam</span> <span class='ocrx_word' id='word_1_811' title='bbox 1276 5494 1367 5562; x_wconf 90' lang='lat' dir='ltr'>paucis</span> <span class='ocrx_word' id='word_1_812' title='bbox 1382 5500 1444 5548; x_wconf 88' lang='lat' dir='ltr'>ante</span> <span class='ocrx_word' id='word_1_813' title='bbox 1465 5491 1616 5548; x_wconf 82' lang='lat' dir='ltr'>huniscum</span> <span class='ocrx_word' id='word_1_814' title='bbox 1631 5493 1719 5553; x_wconf 80' lang='lat' dir='ltr'>eruta</span> 
     </span>
     <span class='ocr_line' id='line_1_120' title="bbox 77 5562 1720 5640; baseline 0.004 -23"><span class='ocrx_word' id='word_1_815' title='bbox 77 5571 136 5629; x_wconf 81' lang='lat' dir='ltr'>trae,</span> <span class='ocrx_word' id='word_1_816' title='bbox 152 5578 202 5621; x_wconf 88' lang='lat' dir='ltr'>nec</span> <span class='ocrx_word' id='word_1_817' title='bbox 216 5565 305 5621; x_wconf 89' lang='lat' dir='ltr'>minor</span> <span class='ocrx_word' id='word_1_818' title='bbox 317 5565 455 5636; x_wconf 84' lang='lat' dir='ltr'>llajoriani</span> <span class='ocrx_word' id='word_1_819' title='bbox 468 5567 553 5622; x_wconf 86' lang='lat' dir='ltr'>virtus</span> <span class='ocrx_word' id='word_1_820' title='bbox 567 5583 646 5638; x_wconf 90' lang='lat' dir='ltr'>quam</span> <span class='ocrx_word' id='word_1_821' title='bbox 661 5569 783 5640; x_wconf 78' lang='lat' dir='ltr'>hengesti.</span> <span class='ocrx_word' id='word_1_822' title='bbox 917 5573 1055 5633; x_wconf 83' lang='lat' dir='ltr'>uenerant,</span> <span class='ocrx_word' id='word_1_823' title='bbox 1071 5572 1099 5619; x_wconf 93' lang='lat' dir='ltr'>et</span> <span class='ocrx_word' id='word_1_824' title='bbox 1121 5570 1181 5633; x_wconf 88' lang='lat' dir='ltr'>post</span> <span class='ocrx_word' id='word_1_825' title='bbox 1204 5563 1295 5619; x_wconf 77' lang='lat' dir='ltr'>Attilae</span> <span class='ocrx_word' id='word_1_826' title='bbox 1315 5571 1440 5631; x_wconf 88' lang='lat' dir='ltr'>mortem,</span> <span class='ocrx_word' id='word_1_827' title='bbox 1455 5572 1483 5617; x_wconf 91' lang='grc' dir='ltr'>ιιι</span> <span class='ocrx_word' id='word_1_828' title='bbox 1506 5562 1662 5620; x_wconf 77' lang='lat' dir='ltr'>lornandes</span> <span class='ocrx_word' id='word_1_829' title='bbox 1687 5563 1720 5625; x_wconf 84' lang='lat' dir='ltr'>in</span> 
     </span>
    </p>

    <p class='ocr_par' dir='ltr' id='par_1_33' title="bbox 75 5632 1719 5858">
     <span class='ocr_line' id='line_1_121' title="bbox 112 5632 1719 5711; baseline 0.001 -19"><span class='ocrx_word' id='word_1_830' title='bbox 112 5634 213 5702; x_wconf 70' lang='lat' dir='ltr'>‘Quod</span> <span class='ocrx_word' id='word_1_831' title='bbox 227 5651 307 5709; x_wconf 89' lang='lat' dir='ltr'>supra</span> <span class='ocrx_word' id='word_1_832' title='bbox 320 5637 434 5693; x_wconf 89' lang='lat' dir='ltr'>obscure</span> <span class='ocrx_word' id='word_1_833' title='bbox 449 5642 546 5707; x_wconf 86' lang='lat' dir='ltr'>posuit,</span> <span class='ocrx_word' id='word_1_834' title='bbox 562 5641 625 5695; x_wconf 84' lang='lat' dir='ltr'>uires</span> <span class='ocrx_word' id='word_1_835' title='bbox 639 5656 670 5694; x_wconf 80' lang='lat' dir='ltr'>ee</span> <span class='ocrx_word' id='word_1_836' title='bbox 680 5641 795 5711; x_wconf 80' lang='lat' dir='ltr'>pentibus</span> <span class='ocrx_word' id='word_1_837' title='bbox 816 5640 865 5692; x_wconf 86' lang='lat' dir='ltr'>ed·</span> <span class='ocrx_word' id='word_1_838' title='bbox 917 5636 1017 5693; x_wconf 89' lang='lat' dir='ltr'>Getieis</span> <span class='ocrx_word' id='word_1_839' title='bbox 1031 5633 1125 5699; x_wconf 78' lang='lat' dir='ltr'>refert,</span> <span class='ocrx_word' id='word_1_840' title='bbox 1149 5641 1208 5689; x_wconf 89' lang='lat' dir='ltr'>orta</span> <span class='ocrx_word' id='word_1_841' title='bbox 1231 5634 1407 5690; x_wconf 78' lang='lat' dir='ltr'>interlinita</span> <span class='ocrx_word' id='word_1_842' title='bbox 1432 5632 1502 5691; x_wconf 79' lang='lat' dir='ltr'>illios</span> <span class='ocrx_word' id='word_1_843' title='bbox 1523 5635 1719 5706; x_wconf 83' lang='lat' dir='ltr'>contentione,</span> 
     </span>
     <span class='ocr_line' id='line_1_122' title="bbox 76 5703 1719 5791; baseline -0.002 -25"><span class='ocrx_word' id='word_1_844' title='bbox 76 5703 149 5785; x_wconf 57' lang='lat' dir='ltr'>lieet.</span> <span class='ocrx_word' id='word_1_845' title='bbox 164 5706 227 5775; x_wconf 89' lang='lat' dir='ltr'>quid</span> <span class='ocrx_word' id='word_1_846' title='bbox 242 5709 277 5765; x_wconf 89' lang='lat' dir='ltr'>sit</span> <span class='ocrx_word' id='word_1_847' title='bbox 290 5708 408 5779; x_wconf 77' lang='lat' dir='ltr'>explicat</span> <span class='ocrx_word' id='word_1_848' title='bbox 420 5708 593 5766; x_wconf 88' lang='lat' dir='ltr'>barbararum</span> <span class='ocrx_word' id='word_1_849' title='bbox 608 5712 726 5781; x_wconf 85' lang='lat' dir='ltr'>gerulum</span> <span class='ocrx_word' id='word_1_850' title='bbox 741 5725 800 5780; x_wconf 77' lang='lat' dir='ltr'>quoa</span> <span class='ocrx_word' id='word_1_851' title='bbox 814 5710 866 5766; x_wconf 94' lang='lat' dir='ltr'>sub</span> <span class='ocrx_word' id='word_1_852' title='bbox 917 5709 980 5763; x_wconf 90' lang='lat' dir='ltr'>dum</span> <span class='ocrx_word' id='word_1_853' title='bbox 996 5707 1127 5777; x_wconf 88' lang='lat' dir='ltr'>imperare</span> <span class='ocrx_word' id='word_1_854' title='bbox 1139 5705 1251 5776; x_wconf 87' lang='lat' dir='ltr'>cupiunt</span> <span class='ocrx_word' id='word_1_855' title='bbox 1261 5720 1367 5774; x_wconf 86' lang='lat' dir='ltr'>omnes,</span> <span class='ocrx_word' id='word_1_856' title='bbox 1388 5704 1470 5761; x_wconf 91' lang='lat' dir='ltr'>simul</span> <span class='ocrx_word' id='word_1_857' title='bbox 1481 5703 1638 5778; x_wconf 80' lang='lat' dir='ltr'>imperitant</span> <span class='ocrx_word' id='word_1_858' title='bbox 1648 5722 1719 5791; x_wconf 82' lang='lat' dir='ltr'>per-</span> 
     </span>
     <span class='ocr_line' id='line_1_123' title="bbox 75 5770 1718 5858; baseline 0.004 -25"><span class='ocrx_word' id='word_1_859' title='bbox 75 5770 309 5858; x_wconf 80' lang='lat' dir='ltr'>ttqorianisignis</span> <span class='ocrx_word' id='word_1_860' title='bbox 329 5790 407 5840; x_wconf 88' lang='lat' dir='ltr'>erant</span> <span class='ocrx_word' id='word_1_861' title='bbox 419 5783 597 5844; x_wconf 84' lang='lat' dir='ltr'>enumeratio.</span> <span class='ocrx_word' id='word_1_862' title='bbox 624 5781 652 5840; x_wconf 94' lang='grc' dir='ltr'>Ιιι</span> <span class='ocrx_word' id='word_1_863' title='bbox 673 5781 715 5841; x_wconf 92' lang='lat' dir='ltr'>his</span> <span class='ocrx_word' id='word_1_864' title='bbox 729 5784 866 5842; x_wconf 75' lang='lat' dir='ltr'>Bastarna</span> <span class='ocrx_word' id='word_1_865' title='bbox 917 5778 1020 5849; x_wconf 88' lang='lat' dir='ltr'>didere,</span> <span class='ocrx_word' id='word_1_866' title='bbox 1044 5776 1198 5849; x_wconf 87' lang='lat' dir='ltr'>pulsiquca</span> <span class='ocrx_word' id='word_1_867' title='bbox 1218 5775 1329 5850; x_wconf 85' lang='lat' dir='ltr'>Gepidis</span> <span class='ocrx_word' id='word_1_868' title='bbox 1343 5792 1360 5839; x_wconf 85' lang='lat' dir='ltr'>e</span> <span class='ocrx_word' id='word_1_869' title='bbox 1374 5776 1524 5851; x_wconf 85' lang='lat' dir='ltr'>Pannonia,</span> <span class='ocrx_word' id='word_1_870' title='bbox 1536 5776 1612 5850; x_wconf 74' lang='lat' dir='ltr'>iusta</span> <span class='ocrx_word' id='word_1_871' title='bbox 1630 5775 1718 5841; x_wconf 72' lang='lat' dir='ltr'>hum</span> 
     </span>
    </p>
   </div>
   <div class='ocr_carea' id='block_1_12' title="bbox 0 0 1910 6247">
    <p class='ocr_par' dir='ltr' id='par_1_34' title="bbox 0 0 1910 6247">
     <span class='ocr_line' id='line_1_124' title="bbox 0 0 1910 6247; baseline 0 0"><span class='ocrx_word' id='word_1_872' title='bbox 0 0 1910 6247; x_wconf 95' lang='lat' dir='ltr'> </span> 
     </span>
    </p>
   </div>
  </div>
 </body>
</html>
