3810 6254
138 424 189 487 m
773 419 1016 479 nntsrocaoon
1035 416 1130 479 ont
1400 396 1405 404 ’
1484 397 1485 400 ‘
1698 388 1767 493 ‘tm

137 543 271 611 irascitur,
280 541 307 596 in
316 540 437 609 utrisque
447 537 660 609 philosophatur.
675 538 810 594 Secundus
822 539 923 595 fastidit
936 545 960 603 Α
975 540 1024 595 bos
1040 556 1092 596 nnn
1109 543 1196 596 minus
1215 544 1314 599 mulcet
1329 544 1412 600 virtus
1428 560 1545 600 antmum
1568 560 1647 616 quam
1670 555 1766 606 cantus

137 638 175 692 vel
192 634 296 698 timere,
313 631 354 687 vel
372 630 477 685 iacere:
493 645 605 701 qoarum
620 631 831 700 opportunitates
850 645 926 701 sper·
975 632 1104 688 auditum.
1129 633 1374 702 consurrexerit,
1399 637 1505 691 inchoat
1520 645 1663 692 nocturnas
1678 638 1765 696 aulica

136 727 174 782 nit
188 723 306 791 oblatas,
329 721 425 776 transit
445 721 593 792 oppositas.
620 702 683 778 Sht‘e
698 730 771 777 motu
791 722 924 790 evaditur,
976 740 1039 795 gara
1053 728 1203 792 custodias,
1226 729 1321 783 armati
1344 729 1424 798 regiae
1445 730 1540 784 domus
1559 728 1677 785 aditibus
1698 731 1765 786 assi·

136 818 193 875 sine
204 814 321 872 colludio
334 811 434 868 eradit.
457 812 539 869 Putes
554 812 628 868 ilium
642 821 669 868 et
683 813 710 869 in
727 813 837 868 calculis
850 828 925 871 arma
975 827 1064 886 stunt,
1084 821 1181 889 quibus
1197 821 1269 875 hnrae
1284 821 1362 890 primi
1377 820 1483 888 soporis
1496 820 1685 890 vigilabuntur.
1708 821 1761 876 Sed

138 914 260 966 instare.
283 905 345 962 Sola
358 913 399 963 est
412 904 449 960 illi
463 918 526 960 cora
541 905 675 961 vincendi.
695 906 723 977 0
742 904 811 961 Cum
827 906 922 963 luden-
973 908 1029 978 jam
1044 910 1107 980 quid
1124 906 1197 967 mea's
1210 912 1280 966 istud
1296 912 1328 965 ad
1341 913 1366 982 7
1378 922 1478 980 partes,
1494 914 1540 980 qui
1555 913 1602 969 tihi
1621 913 1762 969 indicanda

135 1002 198 1058 dum
219 1008 279 1067 est,
302 998 403 1069 regiam
425 1006 575 1068 sequestrat
594 998 725 1068 tantisper
738 1000 923 1068 serenitatem,
976 1017 1029 1057 non
1053 1003 1136 1058 multa
1160 1003 1193 1059 de
1216 1018 1309 1073 regno,
1333 1003 1380 1058 sed
1396 1005 1528 1073 paneade
1549 1021 1612 1076 rege
1632 1006 1765 1076 promisit

133 1091 257 1147 hortatur
278 1088 312 1146 ad
333 1088 436 1158 ludum,
458 1088 620 1155 libertatem,
642 1091 922 1161 communionemque.
975 1090 1061 1149 Simul
1084 1104 1111 1149 et
1132 1094 1202 1164 stylo
1223 1095 1302 1150 linem
1319 1095 1376 1150 heri
1390 1095 1487 1150 decet:
1504 1097 1566 1166 qnia
1580 1105 1607 1153 et
1621 1105 1647 1151 tu
1663 1112 1765 1168 cogno·

135 1182 227 1239 Dicam
236 1180 308 1254 quod
327 1179 431 1236 sentin:
447 1180 521 1235 timet
531 1180 630 1235 timeri.
644 1180 765 1251 lienique
775 1180 925 1236 oblectatur
975 1199 1053 1240 scere
1073 1184 1122 1240 tiri
1148 1200 1201 1241 nnn
1226 1185 1338 1258 amplios
1359 1201 1437 1256 quam
1458 1185 1545 1242 studia
1569 1202 1764 1259 personamque

134 1275 314 1331 commotione
331 1271 469 1342 superati:
495 1278 524 1327 et
542 1279 606 1328 tunc
625 1272 735 1327 demum
762 1272 848 1328 eredit
873 1272 924 1329 sibi
975 1277 1094 1344 voluisti,
1110 1286 1136 1332 et
1150 1293 1199 1348 ego
1213 1294 1266 1334 non
1281 1277 1431 1346 historiam,
1443 1278 1490 1334 scd
1504 1277 1643 1349 epistulam
1656 1279 1765 1337 cihccre

136 1382 189 1424 uon
207 1365 323 1423 cessisse
340 1364 488 1434 collegam,
509 1378 571 1419 curn
594 1364 673 1419 hdem
696 1364 789 1420 iecerit
804 1365 925 1421 victoriae
976 1368 1078 1422 curavi.
1095 1366 1169 1423 llule.

135 1472 190 1514 soa
202 1459 265 1515 bilis
276 1457 373 1512 aliena.
396 1454 526 1526 Quodque
543 1455 653 1522 mirere,
669 1471 741 1526 sepe
760 1456 804 1511 illa
820 1456 923 1525 laetitio,
1253 1459 1419 1517 aristosa
1438 1460 1485 1516 lll.

136 1546 253 1603 minimis
264 1544 449 1602 occasionibus
460 1544 580 1613 veniens,
593 1544 740 1616 ingentium
756 1545 923 1616 negotiorum
1001 1590 1007 1603 .
1117 1549 1241 1605 sidorum
1251 1549 1266 1589 b
1277 1549 1426 1605 Philimutio
1440 1568 1488 1607 sun
1502 1552 1620 1607 salutent.

136 1637 231 1694 tnerha
260 1636 388 1693 fortunat.
419 1634 494 1691 Turre
518 1635 690 1706 petitionibus
713 1636 759 1692 din
790 1645 852 1693 ante
877 1652 925 1708 per
1010 1639 1165 1706 lnrme‚et
1182 1640 1285 1712 legibus
1303 1642 1764 1715 mcanbitnsinterrogationem·

136 1727 344 1799 patrociniorum
360 1724 495 1796 naufragia
508 1725 624 1795 jactatis,
639 1725 815 1782 absolutionis
828 1726 924 1782 subitae
975 1742 1039 1787 natu
1057 1746 1150 1798 move,
1175 1747 1222 1787 cur
1245 1732 1424 1802 adipiscendae
1448 1733 1569 1805 dignitati
1590 1735 1764 1792 haereditariae

135 1829 227 1888 portus
237 1819 364 1889 aperitur.
379 1817 455 1874 Tunc
465 1818 545 1873 etiam
558 1831 607 1888 cgn
620 1816 722 1888 aliquid
734 1819 923 1874 obsecraturus
972 1822 1046 1877 euris
1071 1821 1244 1892 pervigilibus
1269 1822 1440 1877 incumbam:
1463 1820 1477 1861 ἅ
1498 1824 1540 1880 cui
1565 1835 1652 1895 pater,
1675 1840 1763 1897 socer,

136 1909 247 1966 ielieiter
258 1907 363 1976 vincor,
378 1908 485 1979 quaudo
500 1908 565 1963 mihi
582 1908 615 1964 ad
632 1908 683 1964 hoc
697 1909 785 1965 tabula
801 1910 877 1981 petit,
893 1907 1050 1979 niliacos,
1066 1926 1192 1982 proavus,
1215 1911 1381 1981 praelectoris
1401 1914 1512 1969 urbanis
1532 1916 1763 1988 praetorianisque,

136 2015 213 2056 musa
228 2000 356 2056 salvetur.
380 1998 456 2055 Circa
477 2015 575 2056 nonam
594 2000 759 2058 recrudescit
778 2002 922 2058 molesilla
976 2004 1161 2074 emagisteriis
1177 2003 1304 2073 palatinis
1318 2003 1527 2074 militaribusque
1543 2007 1703 2062 micuerunt.
1730 2008 1764 2062 Et
1813 2054 1816 2061 .

136 2093 273 2164 regnandi.
289 2093 411 2149 Redeunt
422 2092 571 2163 pulsantes,
592 2094 707 2149 redeunt
720 2094 921 2161 submonentes,
973 2109 1037 2152 ecce
1050 2095 1213 2151 Gaudentius
1227 2110 1303 2151 meus
1319 2096 1447 2152 hactenus
1469 2106 1571 2152 tantum
1585 2099 1761 2167 tribunitius,

135 2185 232 2255 ubique
255 2184 387 2256 litigiosus
410 2183 501 2240 iremit
525 2184 670 2241 ambitus:
697 2186 742 2255 qui
769 2193 869 2242 tractos
893 2188 920 2242 in
973 2187 1130 2242 oscitantem
1155 2195 1306 2241 nostrorum
1331 2187 1428 2240 civium
1452 2187 1581 2242 desidiam
1602 2187 1613 2226 f
1626 2190 1762 2246 vicariano

135 2289 284 2346 vesperam,
299 2289 376 2332 creua
391 2275 463 2347 regia
478 2277 665 2345 interpellante
680 2278 808 2342 rarescit,
832 2285 858 2334 et
872 2291 921 2349 per
972 2276 1048 2345 apice
1062 2276 1236 2331 transcendit.
1254 2276 1374 2331 llossitat
1389 2277 1496 2347 quidem
1511 2278 1638 2348 juvenum
1654 2289 1762 2336 nostru-

134 2366 234 2423 aulicos
257 2366 385 2437 deinceps
406 2382 454 2436 pro
476 2377 650 2438 patronorum
667 2370 796 2426 varietate
818 2370 921 2441 disper·
971 2382 1030 2422 rum
1045 2367 1146 2423 calcata
1160 2367 1345 2437 generositas:
1362 2368 1409 2422 scd
1423 2368 1468 2437 qni
1483 2370 1578 2424 transit
1589 2371 1760 2440 derogantes,

134 2460 213 2529 gitur,
224 2460 352 2530 usquead
365 2467 469 2529 tempos
482 2459 620 2515 concubiae
634 2461 721 2516 noctis
732 2461 919 2519 excubaturus.
971 2460 998 2514 in
1010 2458 1061 2513 hoc
1072 2458 1160 2512 scium
1174 2468 1306 2523 movetur,
1322 2469 1350 2512 ut
1364 2458 1486 2528 gaudeat.
1504 2459 1585 2528 igitur
1599 2471 1762 2517 venerantur

134 2549 204 2607 Saue
225 2549 449 2617 intromittuntur,
463 2564 613 2622 quanquam
635 2565 708 2619 raro,
725 2551 795 2605 inter
808 2566 920 2608 coenan·
973 2551 1110 2620 bucusque
1131 2558 1330 2621 contemptum,
1355 2563 1388 2605 ac
1414 2550 1510 2605 subitae
1530 2560 1668 2621 stupentes
1691 2551 1761 2607 dona

135 2644 196 2699 dutu
211 2645 312 2700 mimici
324 2645 412 2710 sales,
436 2646 472 2699 ita
492 2654 521 2700 ot
543 2646 631 2701 nullus
655 2647 765 2701 conviva
790 2647 921 2705 mordacis
973 2642 1101 2707 fortunae,
1126 2656 1205 2711 quem
1218 2644 1356 2710 {consessu
1378 2641 1575 2710 despiciebant,
1598 2643 1662 2698 sede
1675 2643 1763 2714 suspi-

135 2735 231 2805 linguae
245 2735 306 2791 ielle
317 2734 437 2797 feriator.
453 2736 497 2792 Sic
508 2747 597 2792 tamen
611 2738 680 2808 qnod
693 2738 748 2793 illio
760 2753 809 2794 nec
822 2753 920 2810 organa
972 2736 1056 2792 ciunt.
1069 2735 1115 2790 lile
1125 2736 1213 2791 obiter
1223 2740 1383 2791 stertentum
1394 2734 1587 2789 oblatratorum
1597 2749 1676 2790 aures
1687 2735 1761 2791 rauci

136 2825 287 2897 hydraulica
300 2836 412 2894 sonant,
431 2842 481 2883 nec
495 2829 546 2884 suh
559 2828 696 2899 phonasco
709 2832 841 2887 vocalium
855 2847 920 2888 con·
971 2841 1039 2882 voce
1054 2826 1186 2896 praeconis
1201 2827 1358 2880 everberat:
1380 2825 1425 2892 qui
1448 2823 1474 2878 in
1493 2839 1554 2878 enm
1569 2824 1631 2880 licet
1645 2825 1761 2881 stimulis

134 2927 226 2973 centus
251 2918 408 2975 meditatum
433 2933 556 2976 acroama
576 2921 657 2983 simul
683 2923 797 2978 intonat.
825 2922 920 2979 Nullos
973 2917 1151 2972 inimicalibus
1169 2917 1329 2983 excitentur,
1351 2916 1468 2970 scamnis
1489 2923 1578 2971 tamen
1601 2917 1760 2974 auricalibus

134 3008 168 3062 ibi
188 3008 306 3081 lyristes,
320 3009 473 3078 choraules,
495 3010 705 3082 ⁸mesochorus,
721 3013 918 3084 tympanistria,
973 3011 1143 3080 deputantur.
1165 3020 1178 3057 ι
1198 3009 1275 3066 Unde
1298 3017 1324 3063 te
1346 3008 1426 3064 etiam
1450 3022 1499 3077 par
1520 3007 1601 3063 inerit
1622 3009 1760 3080 privilegio

134 3102 241 3170 psaltria
256 3101 346 3159 canit:
362 3116 425 3173 rege
437 3103 525 3159 solum
539 3104 592 3160 iilis
607 3104 705 3161 lidibos
717 3103 841 3192 delinito,
857 3102 918 3174 qui·
1015 3163 1017 3167 ¹
1119 3116 1144 3154 m
1160 3100 1337 3170 protectura,
1360 3100 1386 3155 in
1400 3097 1484 3170 ¹¹quae
1507 3099 1690 3171 participanda
1712 3102 1760 3158 de·

169 3269 183 3298 ⁸
197 3260 313 3315 Pertinet
325 3258 360 3315 ad
373 3261 554 3329 pantomimus
567 3261 745 3328 cordacistas',
760 3261 805 3332 qui
820 3258 917 3315 corda·
931 3257 954 3319 ll
969 3257 1079 3310 doretos
1094 3256 1139 3310 hh.
1157 3272 1189 3321 r;
1204 3271 1275 3311 nunc
1289 3256 1460 3329 inspicerem
1477 3260 1501 3312 tn
1519 3259 1581 3333 αὐλῇ
1599 3262 1707 3327 τάξεων,
1730 3269 1759 3319 ιιι

133 3345 202 3397 cotti,
213 3333 325 3407 αἰσχρὰν
336 3333 491 3408 καὶάπριπῆ
502 3329 833 3407 ὅρχησιν,8ιΙῑιίὓθιιῑ.Ηὶ8
845 3331 917 3386 enim
969 3327 1091 3382 Zosimus
1116 3327 1160 3380 lib.
1179 3343 1208 3382 tt.
1232 3326 1334 3383 Glossae
1354 3336 1469 3390 nostrin,
1510 3330 1625 3403 'torpor
1642 3332 1759 3402 ὀφφικίων

133 3401 175 3469 qui
189 3405 299 3457 crotalis
308 3401 350 3456 tel
364 3416 488 3456 manuum
506 3401 599 3471 plausu
613 3403 688 3472 signa
702 3401 796 3468 tiuhai,
813 3401 874 3472 quia
888 3400 916 3455 in
969 3395 1046 3470 ’ὄνομα
1055 3396 1127 3453 οὐδὲν
1140 3396 1213 3458 ἦττον
1225 3404 1270 3453 τοῦ
1283 3399 1421 3469 ἡγουμένου
1434 3351 1599 3455 rosmunda
1614 3401 1758 3474 καταλόγων

133 3471 220 3527 medio
232 3472 316 3528 choro
330 3481 402 3538 erat,
427 3472 600 3526 mesochorus
612 3469 762 3536 dicebatur,
778 3480 808 3526 ut
825 3470 918 3527 docuit
968 3467 1148 3528 διασηααιιωι.

133 3556 180 3596 uns
194 3549 273 3597 retus
286 3540 445 3597 scholiastes
458 3541 595 3597 luvenalis
609 3541 642 3595 ad
658 3551 774 3612 satyram
790 3541 833 3595 tt.
858 3542 917 3609 Quo
1007 3537 1016 3576 f
1032 3528 1143 3594 iiicarinc
1165 3537 1349 3606 proiectura:
1371 3540 1416 3609 qui
1435 3540 1588 3593 vicarianos
1608 3539 1703 3608 honor,
1728 3548 1756 3597 et

133 3621 257 3675 spectans
270 3610 470 3680 Pliniusjuuicr
484 3612 530 3669 lib.
545 3628 562 3666 ιι
575 3612 701 3682 epistolas
714 3611 747 3666 ad
760 3611 914 3678 Maximum,
967 3610 1098 3664 vicariana
1118 3609 1233 3676 dignitas
1253 3609 1368 3677 passim,
1393 3618 1438 3663 aut
1459 3611 1538 3663 etiam
1558 3610 1656 3663 vicaria
1674 3612 1755 3665 abso·

133 3682 318 3736 ntrsucborntn
333 3695 387 3735 non
401 3682 491 3751 inepte
503 3683 571 3738 dixit
582 3697 643 3738 eum
659 3683 703 3752 qui
723 3682 915 3737 inauditorum
967 3679 1032 3744 lute,
1047 3688 1075 3733 ut
1094 3678 1127 3731 de
1142 3679 1296 3746 magisteria
1308 3678 1470 3733 dicebamus.
1487 3678 1584 3732 Vicarli
1600 3694 1663 3748 ergo
1677 3689 1754 3736 erant

133 3765 228 3806 corona
251 3751 357 3807 cacteris
377 3750 410 3805 ad
435 3751 596 3809 laudandum
609 3753 752 3823 {oratorem
775 3751 915 3808 conductis
966 3751 1010 3819 qui
1031 3762 1079 3818 pro
1100 3748 1232 3815 praelectis
1250 3751 1298 3818 11
1316 3749 1440 3814 practorio
1454 3748 1504 3801 sihi
1519 3748 1635 3813 creditas
1655 3751 1756 3818 aliquot

132 3820 272 3889 plaudendi
286 3821 391 3890 signuot
403 3819 494 3878 dabat.
966 3819 1161 3889 provinciarum
1181 3818 1311 3872 dioeceses
1325 3818 1566 3872 adntinistrabaut:
1588 3829 1615 3872 ot
1634 3818 1753 3888 praefecti

165 3889 359 3962 ¹>Lugdunensi
373 3891 539 3960 Caussidicn,
559 3890 915 3963 aequoraaequora
965 3889 1093 4012 praetorio
1112 3887 1193 3941 ltaliae
1208 3886 1299 3942 vicarii
1322 3896 1377 3941 tres
1399 3887 1522 3949 luerunt,
1548 3888 1622 3942 orbis
1646 3889 1752 3956 horrica,

132 3960 162 4015 ad
177 3961 314 4030 Eripbium
327 3962 385 4030 ejus
397 3975 535 4043 generum.
979 3959 1047 4013 taliae
1060 3968 1086 4011 et
1097 3957 1208 4012 diricae:
1221 3955 1329 4010 totidem
1343 3956 1461 4025 praefecti
1475 3957 1594 4021 praetorii
1606 3955 1751 4015 Galliarum

165 4029 262 4100 abcgc
283 4031 425 4100 Galpnmra
447 4033 578 4086 sancitum
601 4031 665 4085 olim
690 4029 776 4086 iuerat
799 4030 915 4086 ambitus
965 4028 1073 4093 vicarii,
1091 4042 1156 4081 arnus
1172 4026 1374 4092 hispaniarum,
1390 4027 1459 4080 alter
1473 4026 1679 4092 Britanniarum,
1697 4038 1753 4084 ter·

131 4098 269 4155 damnantes
281 4106 343 4173 pairs
363 4098 470 4176 ἄρχειν,
489 4106 551 4172 μήτι
570 4101 714 4173 βουλεύειν,
737 4101 773 4156 ita
792 4109 821 4155 ot
839 4100 913 4155 aditu
965 4097 1018 4151 tius
1032 4106 1132 4165 septem
1147 4095 1341 4164 provinciarum
1355 4111 1403 4164 per
1414 4096 1525 4164 Gallias,
1539 4095 1573 4151 de
1586 4110 1638 4176 qun
1653 4096 1695 4151 hic
1709 4097 1752 4168 agi

131 4171 210 4225 curie
229 4169 414 4239 honorumque
434 4181 563 4240 perpetuo
582 4179 748 4226 arcerentur.
775 4170 828 4227 Lex
844 4170 912 4225 Julia
964 4180 1072 4222 censeo.
1095 4166 1152 4219 Non
1167 4167 1237 4221 enim
1252 4164 1376 4219 audiendi
1389 4174 1453 4221 sunt
1466 4167 1509 4235 qui
1526 4176 1580 4221 tres
1595 4165 1710 4222 vicarios
1723 4169 1751 4223 iu

131 4253 235 4304 poenam
248 4240 386 4310 mitigavit,
398 4254 512 4311 eamque
522 4240 626 4362 redegit
638 4239 672 4295 ad
686 4240 912 4310 quinquennium:
964 4251 1015 4291 una
1032 4234 1118 4290 Gallia
1133 4245 1245 4304 ponunt,
1260 4250 1320 4288 cum
1337 4247 1409 4290 reete
1423 4238 1449 4290 in
1464 4236 1563 4290 llotitia
1578 4236 1706 4305 scriptum
1717 4238 1753 4293 sit

130 4316 222 4365 auctor
240 4309 289 4364 llio
307 4311 354 4374 lib.
369 4324 450 4365 xxxrt
470 4320 496 4365 et
517 4326 570 4367 ιιι.
617 4324 692 4364 erum
716 4309 757 4363 lex
777 4309 863 4377 lolia,
884 4320 914 4366 ut
965 4307 1079 4360 vicarius
1095 4307 1120 4360 in
1134 4304 1278 4360 Occidente
1293 4320 1339 4359 sex
1360 4313 1460 4360 tantum
1480 4305 1579 4373 luisse;
1606 4307 1654 4362 bos
1673 4308 1751 4361 nimi·

130 4377 293 4436 hcdcstinus
305 4378 394 4447 docet,
410 4379 437 4433 in
452 4379 524 4436 Urbe
537 4380 662 4449 cessavit,
678 4389 817 4449 postquam
830 4381 913 4450 magi·
965 4391 1023 4430 rum
1038 4390 1104 4445 quos
1117 4375 1342 4430 enumeravimus.
1357 4374 1424 4442 Quia
1437 4377 1516 4446 igitor
1527 4376 1617 4431 vicarii
1630 4379 1752 4443 proxitttu

129 4456 255 4503 stratura
270 4448 388 4519 principe
401 4451 488 4504 creari
506 4451 603 4519 coepti;
625 4461 651 4504 et
668 4465 753 4519 prenae
766 4451 791 4503 in
807 4451 912 4519 eosqui
962 4446 1045 4516 gradu
1060 4455 1138 4500 erunt
1153 4461 1166 4497 a
1182 4445 1324 4514 prefectis,
1344 4447 1476 4501 ausonius
1498 4447 1522 4500 ln
1547 4446 1654 4501 Mosella
1676 4445 1748 4501 vica·

129 4517 196 4582 apud
218 4518 365 4589 principem
385 4518 518 4575 ambirent
536 4519 597 4574 aliae
617 4529 707 4588 postea
728 4520 860 4586 decretae,
885 4528 913 4574 ut
963 4517 1029 4571 riam
1039 4515 1182 4569 secottdam
1195 4515 1380 4584 proiecturam
1391 4527 1479 4578 vocat,
1490 4516 1655 4585 vicariosque
1667 4516 1749 4572 ltaliae

129 4584 174 4642 tib.
197 4604 206 4642 ι
232 4587 294 4642 cod.
315 4588 421 4645 lheod.
447 4590 481 4644 ad
508 4592 593 4660 legem
620 4590 715 4645 lulium
740 4589 774 4645 de
799 4591 910 4646 arohitn.
926 4595 991 4674 ⁰⁰¹
1004 4586 1202 4640 Britanniarutn
1218 4586 1339 4656 designat
1353 4586 1393 4640 his
1407 4587 1515 4640 verbis:

128 4655 447 4794 hlifftst'i‘inius‘lrfiii
460 4659 912 4800 {iniisseiiirviffrssiiiirir'ibiiiff
1055 4695 1711 4810 pflglglffifflffig,fi‘gffi‘gtitgggggggiiiim-

128 4806 240 4852 rentrcs
277 4796 324 4851 xit.

159 4863 225 4921 itte
237 4811 335 4933 threnaro
346 4866 449 4925 Sidonii
459 4869 570 4940 ejusque
580 4869 725 4925 honoribus
738 4869 803 4925 nihil
814 4870 912 4925 lectum
1000 4868 1122 4924 tsuadet
1136 4876 1166 4920 ot
1181 4863 1346 4933 praefectura
1365 4861 1542 4917 assessionem
1560 4861 1612 4916 sibi
1632 4861 1748 4917 oblatam

129 4935 247 4990 memini.
272 4935 435 5005 apollinaris
450 4940 520 5002 {avus
541 4939 682 5008 praelectus
703 4941 828 5008 praetorio
847 4939 912 4995 Gal·
964 4939 1089 5005 recipiat,
1113 4946 1192 5005 atque
1217 4933 1295 5002 hujus
1321 4933 1437 4987 muneris
1463 4932 1600 5001 privilegio
1618 4932 1749 5001 antiquati

129 5001 221 5059 liarum
236 4997 330 5061 ”iuerat
372 5006 475 5076 rinoipe
499 5008 638 5072 Honorio,
663 5018 739 5078 pater
763 5009 911 5078 imperante
964 5007 1092 5071 honoris,
1119 5005 1229 5061 alterins
1255 5003 1369 5057 tortasse
1392 5002 1551 5057 assessionis
1574 5015 1653 5071 quam
1678 5004 1749 5071 apud

131 5071 323 5150 ¹lislcntmiauo.
349 5023 446 5132 xvitos
468 5076 584 5147 denique
607 5092 696 5143 socer,
720 5086 747 5133 et
771 5078 912 5146 praelectus
954 5076 1092 5134 'ricarium
1115 5085 1250 5145 gesserat,
1273 5073 1406 5141 jacturam
1428 5072 1566 5152 resarciat.
1590 5074 1747 5152 assessores

131 5147 203 5208 ttenr,
228 5153 256 5199 et
277 5145 402 5216 magister
420 5147 559 5217 utriusque
578 5147 695 5216 militie,
722 5157 749 5201 ut
772 5149 827 5202 suis
846 5145 919 5204 locis'
963 5148 1106 5204 consiliarii
1128 5144 1313 5213 proiectorum
1328 5153 1435 5210 peracta
1450 5140 1543 5197 mthtra
1557 5142 1648 5196 mulus
1668 5141 1750 5212 priri-

130 5212 290 5269 rstendetur.
964 5219 1040 5288 legiis
1052 5214 1150 5270 ornabo
1156 5223 1226 5282 ntur,
1238 5227 1269 5267 ac
1280 5213 1387 5267 vicariis
1400 5211 1515 5281 denique
1527 5213 1593 5279 ipsis
1605 5213 1749 5279 aeqnaban-

161 5280 361 5340 ‘diilciorumr
395 5301 436 5340 uas
448 5285 539 5355 palatii
552 5286 696 5356 magisterii
709 5287 839 5341 Eumenia
851 5287 914 5343 rhe·
965 5298 1018 5354 tur,
1034 5287 1094 5342 end.
1110 5284 1212 5340 Theod.
1236 5284 1270 5338 de
1294 5282 1437 5337 comitibus
1461 5284 1504 5350 qni
1531 5282 1679 5338 illusoribus
1703 5298 1748 5335 as·

130 5350 175 5406 tori
186 5301 516 5421 proscholislgduorom.
534 5358 657 5427 Magister
668 5357 816 5411 ciliciorum
831 5366 914 5413 totam
965 5359 1102 5413 sederunt.
1134 5355 1190 5421 Qua
1219 5352 1394 5421 praerogativa
1421 5353 1548 5406 carebant
1572 5354 1617 5423 qni
1643 5353 1750 5405 vicariis

129 5419 214 5483 istam
230 5422 412 5493 disciplinam,
431 5440 578 5496 omnesque
593 5426 746 5482 scholarum
760 5427 868 5482 ordines
884 5436 911 5482 et
967 5434 1067 5480 tanturn
1094 5433 1139 5478 aut
1165 5423 1225 5478 alhs
1251 5423 1399 5477 minoribus
1421 5422 1556 5492 judicibus
1582 5423 1747 5476 assederant.

128 5485 209 5544 nucia
224 5495 342 5562 regebat.
359 5492 423 5549 lude
437 5510 533 5550 tromen
549 5496 597 5562 illi,
611 5498 652 5551 vel
667 5497 701 5551 ab
713 5497 809 5553 ciliciis
821 5500 863 5553 vel
877 5496 912 5551 ab
963 5497 1026 5551 ldeo
1040 5495 1184 5549 verendum
1200 5494 1237 5547 ait
1250 5491 1420 5560 Philematio,
1437 5495 1504 5546 nesi
1518 5502 1593 5547 extra
1608 5491 1749 5560 praelecto·

128 5558 182 5613 aula
195 5561 253 5629 ipsa
267 5570 295 5617 et
307 5563 417 5631 palatio.
433 5564 548 5620 Rutilios
561 5567 755 5622 liumatianus:
965 5567 1047 5621 riano
1062 5563 1220 5619 assessionis
1240 5565 1441 5632 prerogativam
1465 5563 1491 5616 in
1509 5560 1650 5615 concilium
1665 5572 1747 5613 venc-

214 5674 288 5726 ΟΜ-
462 5669 468 5679 ·
554 5681 565 5705 .,
718 5682 722 5692 .
795 5658 799 5680 ι
965 5637 1014 5703 rit,
1034 5636 1120 5704 reipsa
1133 5636 1231 5689 sentiat
1250 5646 1281 5688 se
1295 5633 1396 5688 notium
1412 5633 1526 5687 intutum
1540 5644 1573 5684 ex
1586 5628 1746 5683 vicariorum

283 5690 303 5726 ts
312 5690 431 5739 regerem
440 5691 494 5728 cum
507 5691 573 5741 rego
585 5687 648 5730 tecta
660 5686 787 5742 magister,
965 5707 1116 5760 ”sessione
1128 5711 1241 5773 cepisse·

293 5739 482 5800 mmmm
494 5740 527 5801 pii
539 5741 652 5802 &impis
664 5743 789 5791 ⁰¹⁰⁰¹³¹²⁵⁹
893 5820 899 5834 .
1000 5773 1014 5810 ¹²
1027 5775 1054 5829 ht
1069 5784 1169 5844 poster.
1182 5774 1258 5839 edin,
1273 5787 1351 5833 uuum
1365 5765 1579 5839 corticipunduur.
1594 5766 1639 5823 stc
1652 5766 1678 5823 iu
1690 5768 1749 5828 aliis

126 5833 208 5895 ‘mel
221 5852 328 5910 quoquo
339 5856 410 5898 nunc
420 5845 556 5918 imnhprttav
564 5850 616 5900 rba
626 5844 770 5914 βασιλείων,
783 5853 813 5900 ut
823 5843 914 5900 'l'ltett-
965 5843 1042 5901 libris
1055 5846 1142 5900 editis.
