3810 6254
181 347 213 401 ιι
853 333 979 415 numen
999 329 1151 390 rensuum
1784 321 1820 378 rs

182 475 261 532 quem
272 462 444 514 obstruxerat
458 452 601 524 imperitia,
618 451 744 523 patefecit
759 448 870 505 adcetus
881 457 910 505 et
928 448 1013 512 illari
1337 442 1446 504 EPlS'i'.
1465 445 1511 501 ill.

182 550 344 613 clormnatrin
363 548 483 604 omnium
502 547 601 616 pietas,
618 557 666 614 per
679 556 759 614 quana
777 541 920 597 flectuntur
934 540 974 595 ri·
1062 538 1255 598 der-inclinium
1269 539 1324 610 tilio
1341 554 1489 621 semperque
1505 534 1641 608 megitipicc
1657 533 1783 606 ilrrpsrio

182 645 253 715 gida,
269 654 349 698 saxea
369 639 536 703 molliuntur,
559 634 688 692 sedantur
704 633 817 701 tumida,
839 632 975 688 leniuntur
1357 608 1489 664 numm·

182 747 289 804 asilii,
310 737 463 787 wilesindi
484 728 566 793 ledii·
589 727 734 784 miletium
757 741 838 792 Sitti,
863 724 976 780 saeuiunt
1061 723 1160 797 Recepi
1175 726 1264 796 apices
1278 722 1459 780 unanimitatis
1484 731 1547 787 trra,
1566 730 1619 775 tarn
1633 720 1717 791 gratia
1738 733 1819 790 quam

183 824 273 891 mitia,
297 821 479 877 accenduntur
494 817 609 891 placida,
633 829 766 874 acuuntur
780 818 874 881 britta,
889 815 976 872 donni·
1025 817 1195 890 eloquentia3
1219 825 1273 871 tom
1297 829 1389 870 aurore
1415 811 1516 884 pariter
1538 827 1617 882 guam
1632 811 1738 881 lepore;
1764 819 1819 866 tam

183 913 425 981 uanturbarbara,
449 910 575 968 immania
601 911 749 983 placantur.
776 908 861 965 Etiam
882 914 910 964 in
933 924 976 965 me
1026 911 1173 980 salequam
1190 907 1270 965 melle
1291 920 1437 977 respersas.
1453 906 1481 961 lu
1505 905 1602 976 quibus
1621 919 1671 961 uec
1683 903 1820 961 dulcedini

182 1023 249 1079 opus
259 1023 336 1063 snum
353 1019 492 1076 peragens.
504 1017 535 1059 es
545 1001 652 1074 elingue
666 1000 807 1067 reserarit,
825 1000 976 1070 producens
1027 1002 1134 1058 deesset
1148 1000 1259 1072 aliquid,
1282 1013 1332 1054 nec
1344 997 1443 1067 sapori.
1456 997 1507 1064 Qui
1527 1011 1587 1052 cum
1610 995 1684 1051 omni
1696 994 1822 1053 dictionis

184 1115 227 1155 ane
237 1114 269 1155 ex
283 1097 417 1162 tutissimo
432 1093 532 1149 silentii
546 1107 654 1149 recessu
672 1091 704 1147 ad
724 1091 858 1162 publicum
882 1087 976 1145 tornai·
1027 1093 1179 1150 errationis
1194 1100 1252 1148 arte
1263 1090 1466 1161 praeemineant,
1481 1090 1539 1145 scio
1554 1098 1642 1145 tamen
1654 1102 1709 1145 ase
1719 1088 1822 1145 uisere·
1849 1118 1853 1125 ,

183 1190 355 1260 dandumque
367 1184 498 1258 iudicium
514 1196 540 1241 et
562 1182 684 1240 inritatio
698 1182 780 1240 vestri
798 1197 867 1238 nora
886 1179 977 1238 subire
1028 1198 1093 1255 parc
1103 1183 1227 1237 ridemur
1240 1181 1350 1252 jndicio.
1363 1181 1430 1234 barm
1441 1179 1513 1235 enim
1530 1180 1661 1249 paginulae
1675 1195 1753 1251 meo,
1765 1195 1821 1236 nou

183 1281 329 1353 compellit.
345 1278 465 1347 Scilicet,
479 1277 563 1355 utqui
575 1276 706 1333 ltocteuus
725 1273 797 1331 illam
814 1274 976 1331 sententiam
1029 1274 1100 1330 laudi
1113 1283 1194 1346 opta,
1217 1273 1266 1329 sed
1281 1275 1470 1343 vituperationi
1489 1273 1588 1342 ineptia
1603 1273 1760 1328 rusticitatis
1772 1287 1821 1342 ap·

183 1383 293 1432 secutus
314 1372 464 1443 antiqctam,
485 1383 537 1438 cua
561 1367 659 1425 dicitur
677 1384 684 1422 ι
702 1367 896 1439 sepenumero
909 1380 979 1438 prac-
1029 1376 1102 1436 tatae,
1125 1367 1227 1437 uaniora
1250 1367 1355 1422 meritis
1371 1364 1487 1420 tribuere
1510 1365 1630 1432 iesdrrns,
1652 1373 1679 1419 et
1699 1364 1823 1434 sequeris

185 1474 259 1521 stare
272 1473 377 1531 tacere,
395 1475 476 1533 quam
493 1459 602 1525 dicere:
625 1457 794 1516 inscientiam
814 1470 902 1513 meam
921 1469 979 1511 ma·
1030 1459 1074 1514 rel
1085 1456 1288 1513 declamationis
1302 1471 1423 1521 cursum,
1448 1455 1638 1526 reldiiigentis
1650 1453 1822 1520 adecurmaa

185 1555 279 1612 luerim
293 1551 460 1610 verecundiae
472 1551 652 1607 taciturnitate
673 1550 778 1622 legere,
794 1564 873 1620 quam
893 1549 980 1617 impu·
1030 1564 1124 1604 nerana
1136 1549 1201 1605 recti
1214 1547 1307 1618 judicii
1320 1548 1470 1604 declinasti.
1484 1547 1523 1603 ad
1538 1561 1617 1618 girarti
1633 1562 1689 1604 rem
1699 1560 1822 1619 eguper·

154 1647 160 1657 '
185 1647 283 1703 deuter
293 1645 431 1702 incondito
442 1657 566 1700 sermone
580 1642 714 1714 prolerre,
729 1654 784 1697 nrm
799 1648 853 1696 tam
866 1655 980 1696 conste-
1030 1643 1173 1698 lectionem
1187 1656 1240 1697 non
1255 1642 1412 1712 ignorantia
1427 1641 1502 1711 nitio,
1525 1641 1573 1698 sed
1588 1650 1736 1714 spontaneo
1749 1642 1824 1697 arbi·

186 1737 288 1794 tudinis
313 1749 381 1792 meae
406 1736 557 1801 immemor,
584 1747 664 1804 quam
690 1731 847 1789 rusticitatis
868 1730 978 1799 oblitus,
1032 1744 1089 1791 tror
1105 1733 1279 1789 descendisse
1296 1733 1420 1798 corrsilin,
1449 1732 1546 1803 tripiici
1573 1747 1608 1787 ea
1629 1746 1733 1789 eausa:
1750 1740 1780 1788 ut
1795 1733 1823 1790 ln

185 1832 260 1902 quasi
274 1845 307 1885 ιι
323 1829 422 1884 arione
437 1828 464 1883 in
475 1826 610 1898 Orpheum
626 1833 737 1896 repente
751 1831 880 1891 mumius,
896 1823 976 1880 relirn
994 1827 1016 1888 Β
1031 1827 1103 1883 tenni
1116 1825 1227 1882 materia
1247 1834 1275 1881 et
1288 1839 1401 1881 acumen
1417 1825 1526 1895 ingenii,
1549 1833 1576 1882 ct
1591 1826 1646 1882 oris
1658 1824 1823 1894 laeuudianr,

185 1922 369 1992 disertissimis
383 1920 493 1976 auribus
513 1919 565 1976 tuis
590 1931 637 1975 ere
655 1916 763 1989 garrule
780 1932 835 1971 non
853 1929 905 1971 Ιιιιι
920 1913 979 1972 oili·
1031 1917 1230 1975 etaliiuentiam
1246 1918 1379 1974 sermonis
1392 1917 1560 1974 osmndercs.
1583 1918 1668 1974 Sicuti
1692 1920 1719 1974 in
1732 1919 1826 1990 jejuno

185 2015 274 2070 ciosns
287 2027 367 2083 qrram
381 2009 526 2081 iniuriosus
538 2007 663 2066 existere.
689 2007 757 2064 Dum
774 2016 801 2065 et
812 2008 903 2081 ignota
919 2022 979 2077 per·
1031 2018 1111 2079 atque
1124 2009 1214 2065 otioso
1232 2009 1335 2078 cespite
1348 2008 1434 2079 magis
1455 2009 1600 2064 strenuitas
1618 2009 1730 2064 culturis
1743 2023 1825 2079 appa·

185 2115 272 2172 tento,
294 2112 320 2160 et
347 2105 451 2159 insueta
475 2114 619 2172 praesumo.
644 2098 697 2157 Sed
719 2096 826 2163 dabitis,
852 2111 881 2154 ut
909 2113 980 2166 reor,
1032 2107 1085 2167 ret,
1093 2114 1154 2154 cum
1167 2107 1214 2154 aut
1228 2099 1402 2155 rebellionem
1415 2099 1553 2170 plebarum
1565 2100 1697 2156 tenacium
1710 2101 1825 2172 repetita

186 2196 293 2252 reniam
306 2193 423 2249 uenienti
438 2206 471 2248 er
491 2191 690 2247 necessitudine
707 2189 866 2247 necessarie
888 2204 982 2246 neces-
1032 2191 1132 2260 raptus
1152 2191 1329 2261 impressione
1343 2191 1459 2247 semeria
1482 2191 1584 2257 domat,
1607 2202 1655 2246 aut
1671 2191 1825 2247 ariditatem

186 2287 284 2344 sitatis.
312 2286 379 2352 Quia
406 2283 477 2355 qurtd
501 2283 612 2340 dilectio
631 2284 658 2337 in
679 2281 832 2338 mortalium
849 2283 982 2338 mentitus
1033 2284 1142 2339 nimiam
1166 2284 1293 2340 stercoris
1306 2284 1461 2354 aspersione
1483 2282 1618 2348 iecundat,
1646 2291 1675 2338 ut
1689 2283 1827 2339 fructuum

187 2375 302 2433 naturali
329 2383 463 2445 potestate
486 2372 537 2429 sibi
567 2371 694 2438 uindicet,
721 2373 860 2428 conscium
883 2381 982 2427 mantuae
1033 2376 1149 2447 copiam,
1162 2390 1242 2447 quam
1254 2375 1304 2433 soii
1321 2384 1413 2431 natura
1428 2384 1517 2446 negat,
1532 2374 1664 2430 industria
1679 2375 1825 2447 producam

188 2464 567 2537 passionispectusagnoscit.
581 2462 653 2534 Ergo
669 2461 983 2518 rreexcusationidiutins
1035 2468 1072 2522 ita
1094 2477 1122 2524 et
1142 2474 1330 2537 {aegestatem
1357 2466 1477 2535 epistolae
1498 2480 1566 2523 meu
1588 2467 1749 2535 eloquentiae
1774 2478 1827 2522 tuas

188 2560 374 2626 immorantes,
393 2557 430 2611 ita
445 2556 568 2627 paginam
587 2549 740 2621 dilatemus,
767 2561 799 2610 ut
820 2568 874 2609 non
896 2552 983 2610 scium
1035 2559 1157 2614 ubertate
1175 2558 1278 2626 ditasti,
1293 2566 1323 2612 ut
1337 2558 1421 2628 possit
1436 2573 1506 2624 esse,
1522 2559 1544 2613 si
1558 2572 1617 2614 earo
1631 2559 1827 2628 suppresseris,

189 2651 236 2707 tibi
254 2665 309 2705 non
323 2649 449 2705 erinibent
476 2661 566 2702 sermo
587 2645 759 2716 incomptior,
786 2659 879 2702 rerum
903 2643 985 2702 etiam
1035 2650 1211 2720 teloqucnte,
1236 2649 1393 2716 laudabilis;
1417 2649 1440 2705 si
1461 2665 1524 2706 acre
1540 2649 1693 2721 protuleris,
1716 2650 1829 2706 incutiat

188 2741 265 2813 copia
289 2738 442 2796 inordinata
469 2737 627 2807 lastidiutn3
651 2734 707 2808 tam
731 2734 758 2792 in
774 2750 867 2793 nocem
879 2736 985 2808 pietatis
1035 2751 1063 2797 et
1078 2740 1141 2796 milti
1152 2740 1187 2795 de
1199 2740 1264 2796 laisa
1278 2739 1368 2808 laude,
1387 2748 1414 2795 et
1428 2740 1474 2796 tibi
1492 2739 1527 2796 de
1537 2739 1633 2810 judieii
1648 2754 1740 2796 errore
1751 2752 1829 2796 ιιιι·

189 2832 365 2903 erumpimus,
388 2838 416 2886 et
432 2829 628 2886 desideriorum
644 2827 725 2885 rerba
739 2835 887 2898 ructamus,
911 2843 986 2885 com-
1035 2832 1170 2889 cundiam.
1196 2832 1230 2887 Et
1243 2832 1352 2899 ideirco,
1374 2832 1434 2902 quia
1449 2831 1610 2902 imperitiam
1623 2845 1711 2886 meam
1724 2829 1763 2887 tui
1777 2845 1828 2900 pu-

189 2923 348 2979 mendantes
373 2921 421 2977 tibi
446 2921 543 2993 pignus
559 2928 697 2987 nostrum,
719 2917 871 2989 depositum
897 2928 982 2990 tuum,
1036 2924 1188 2996 dorisopua
1199 2925 1389 2990 essevoluisti,
1404 2941 1468 2981 care
1479 2941 1523 2992 ne,
1538 2924 1674 2995 preconio
1688 2933 1734 2979 tur
1749 2923 1830 2980 nobis

190 3013 266 3084 cujus
280 3027 329 3067 uos
342 3013 514 3082 susceptione
528 3009 633 3080 cepisti.
648 3009 709 3067 itbt
720 3011 792 3066 enim
806 3025 882 3078 spem
896 3021 987 3081 peste·
1037 3032 1089 3072 nrm
1103 3015 1338 3086 respondentibus,
1353 3023 1397 3071 ιιι
1413 3015 1580 3084 periclitetur
1593 3015 1701 3070 electio.
1724 3013 1828 3084 ltaque,

189 3103 379 3168 titularem
406 3102 453 3156 tibi
479 3101 681 3157 solatiarentur
696 3101 851 3172 presentis.
872 3112 899 3157 et
914 3101 987 3157 less·
1037 3106 1327 3178 acquiesceremus,
1352 3105 1376 3163 ιι
1401 3106 1463 3177 qnid
1479 3103 1732 3176 sensimsensrm,
1759 3102 1830 3160 incr·

190 3207 263 3259 men,
277 3193 299 3249 ⁸3
312 3192 439 3247 di'lssllii
461 3193 596 3258 willerii,
613 3189 725 3257 iuturae;
753 3192 801 3248 libi
827 3193 873 3247 ussi
893 3189 1020 3253 ⁰¹n¹¹l³C
1036 3214 1117 3271 gnum
1130 3205 1271 3267 memoria,
1286 3200 1422 3256 eblirione
1434 3199 1620 3270 dignissimum
1633 3201 1756 3254 volumen
1768 3199 1830 3254 abs·

190 3299 248 3339 rnen
270 3293 332 3338 rista
356 3280 491 3338 commisi.
517 3281 556 3340 'ie
576 3291 589 3320 ⁸
610 3282 761 3340 elicitorem
772 3293 799 3338 et
811 3281 985 3339 lormatorem
1037 3293 1140 3360 poppe,
1163 3293 1187 3348 si
1207 3294 1248 3348 pig
1271 3303 1296 3349 er
1311 3308 1354 3348 me
1373 3293 1406 3346 ip
1421 3292 1559 3348 arbritium
1575 3301 1649 3348 guum
1662 3291 1830 3349 pragma.

190 3375 343 3447 lapillorum
360 3372 502 3442 nobilium,
518 3381 547 3429 et
559 3374 714 3431 rimatorem
727 3373 804 3441 auri,
824 3382 851 3430 te
863 3383 987 3446 reperto·
1039 3399 1110 3440 mam
1122 3393 1150 3440 er
1163 3394 1189 3440 ιι
1203 3384 1413 3456 promptitudinis
1427 3385 1552 3441 obtinere
1562 3399 1715 3456 persenam.

191 3483 249 3524 rem
264 3482 341 3539 aquae
356 3467 464 3522 latentis
477 3467 563 3537 cicili,
577 3467 622 3538 piri
642 3466 719 3524 sciris
739 3468 879 3524 abstrusas
892 3467 988 3539 lapidi·
1007 3506 1011 3513 -
1354 3495 1463 3554 Eppsp·
1483 3497 1517 3554 p·

191 3556 242 3614 bus
255 3570 373 3627 gemmas
387 3556 503 3628 propria
517 3556 633 3612 reddere
646 3559 835 3628 generositati3
861 3573 921 3629 pum
935 3559 987 3614 uti·
1074 3576 1269 3634 pem-„pm
1284 3576 1338 3647 gp„
1353 3592 1501 3648 ,mmm
1515 3576 1654 3652 mugga,
1669 3577 1796 3649 pampo

192 3666 244 3722 que
255 3651 280 3705 in
294 3656 464 3706 tantarercm
477 3646 634 3706 contusione
645 3650 799 3706 amitterent
809 3649 985 3719 nobilitatem,
1325 3664 1329 3674 ·
1370 3649 1500 3704 liericias.

192 3741 214 3794 si
227 3739 344 3810 judicem
358 3753 413 3793 non
428 3739 570 3795 baberent.
591 3741 693 3797 Aurum
709 3755 827 3813 quoquae,
841 3741 932 3798 arenis
945 3742 985 3798 ri·
1074 3737 1272 3809 Spoponderas,
1299 3739 1338 3794 lali
1362 3738 1512 3807 carissime,
1536 3749 1568 3795 ut
1590 3739 1656 3795 milti
1681 3740 1834 3810 aliquosde

192 3828 410 3897 libus'ruirtnm,
438 3829 490 3883 nisi
515 3829 628 3885 artilleis
651 3820 760 3887 solertia
778 3832 882 3888 leretur
899 3831 986 3902 aquis,
1042 3829 1196 3885 ramusculo
1210 3844 1289 3901 quem
1305 3844 1337 3886 er
1359 3830 1536 3887 amaritudine
1557 3832 1583 3886 in
1598 3831 1776 3889 domesticum
1786 3847 1833 3889 aa·

192 3920 297 3990 ignibus
308 3912 459 3991 eliquetur,
481 3934 532 3976 nee
549 3919 721 3993 splendorem
743 3925 844 3994 poterit
869 3927 988 3982 retinere
1040 3920 1300 3990 poromrertendum
1314 3921 1581 3993 uansierendumcue
1597 3936 1765 3994 susceperas.
1785 3924 1834 3980 dc·

193 4025 243 4067 nce
255 4011 391 4068 meritum.
405 4011 500 4082 Septns
513 4014 595 4069 etiam
611 4029 740 4085 aquarum
757 4016 922 4072 manantium
938 4033 986 4072 re·
1039 4012 1129 4067 sculos
1141 4012 1301 4080 destinares,
1324 4026 1437 4082 querum
1450 4011 1536 4069 odore
1549 4025 1738 4083 cognoscerem
1752 4028 1835 4083 quara

194 4118 253 4171 nas,
268 4113 296 4159 et
308 4103 454 4159 obductum
470 4114 542 4160 terra
560 4105 653 4161 liuenti
669 4108 790 4174 alneum,
808 4108 858 4162 nisi
873 4107 988 4178 diligen·
1039 4117 1115 4172 spem
1129 4105 1187 4173 spei
1197 4118 1291 4173 gerere
1303 4103 1446 4168 deberem;
1458 4111 1609 4158 utrumnam
1622 4104 1672 4174 ipsi
1684 4104 1836 4174 limesger·

195 4195 248 4249 tirrs
259 4193 445 4249 eruderaverit
465 4195 622 4265 appetitoris
641 4194 791 4261 industria,
815 4196 902 4251 laticis
920 4196 988 4252 unda
1040 4196 1122 4258 mina,
1138 4200 1290 4248 autrursus
1306 4194 1364 4262 ipsa
1385 4194 1506 4262 genuina
1529 4193 1631 4251 tructus
1651 4196 1692 4253 sui
1705 4195 1837 4266 qualitate

194 4300 247 4340 uon
271 4283 346 4340 duct.
376 4284 415 4338 lta
434 4292 461 4338 et
476 4292 635 4340 tenerorum
659 4286 747 4342 adbuc
767 4284 840 4342 acies
860 4301 987 4343 sensnum
1041 4285 1240 4355 promitterent,
1256 4285 1390 4357 iidemque
1404 4286 1500 4343 iterum
1516 4287 1619 4345 tructus
1631 4297 1720 4346 uuum
1731 4291 1836 4361 possint

194 4374 353 4446 ignorantia
368 4376 471 4442 nubilo,
486 4376 562 4447 quasi
576 4378 719 4435 crassitate
739 4377 874 4434 scabrosae
890 4377 989 4449 rubigi-
1041 4387 1068 4436 te
1081 4389 1248 4450 excoquente
1271 4380 1424 4447 ιιιίιιιιιιι,
1444 4383 1555 4439 etdulci
1574 4384 1735 4456 eloquenda
1750 4387 1836 4441 verbe

192 4459 238 4524 iris
252 4468 374 4534 obsessa,
388 4469 439 4523 rrisi
451 4468 560 4524 assidua
571 4468 690 4525 ductoris
707 4470 770 4524 lima
784 4478 926 4540 purgetur,
941 4485 988 4525 ne·
1040 4470 1205 4527 audientium
1217 4472 1298 4528 eorda
1312 4474 1422 4530 sntime.
1436 4474 1513 4543 Quod
1527 4477 1589 4547 quia
1603 4478 1694 4533 nescio
1707 4492 1788 4548 quam
1800 4479 1836 4535 ob

196 4563 253 4631 quit
267 4573 363 4631 sponte
377 4561 537 4616 clarescere.
554 4561 640 4616 Tuum
654 4577 720 4632 ergo
736 4575 822 4629 nunc,
845 4573 920 4617 tuum
935 4572 986 4633 cst,
1002 4562 1148 4622 Dcausam
1163 4564 1253 4620 iacere
1267 4565 1405 4634 distrrlisti,
1420 4577 1599 4638 opportunum
1612 4581 1659 4623 ros
1673 4549 1837 4626 admonendi

196 4653 223 4706 ln
246 4651 287 4705 inis
307 4650 434 4705 erunibus
452 4662 480 4707 et
502 4652 622 4722 opinioni
644 4661 707 4718 tua,
733 4662 760 4708 et
773 4661 865 4708 nostro
890 4655 990 4722 pariter

196 4743 360 4812 respondere
369 4742 481 4813 jndicio,
498 4758 532 4799 nc
550 4752 598 4799 aut
610 4753 639 4800 tu
662 4745 864 4816 presumpsisse
884 4744 987 4810 illicite,

196 4847 241 4893 aut
255 4852 306 4917 tres
318 4837 516 4895 inconsiderate
531 4837 646 4908 elegisse
661 4837 811 4893 videamur.

197 5132 315 5204 pellebat
327 5132 460 5199 Sidonius,
484 5148 529 5202 ep.
541 5132 559 5185 1.
572 5146 611 5196 nn,
625 5145 668 5200 cp.
684 5129 731 5186 ai.
753 5131 794 5186 Ad
813 5146 874 5187 eum
890 5133 991 5202 saepius

199 5202 307 5270 scripsit
327 5202 460 5270 ilrrricius,
473 5215 500 5257 ut
515 5208 588 5273 patet
599 5216 633 5256 ea
644 5200 767 5272 spisse,
785 5203 814 5269 i,
832 5201 860 5271 5,
882 5203 934 5274 ipsi
951 5205 992 5258 in·

200 5272 318 5343 scriptis.
339 5273 418 5327 Basra.

237 5352 249 5380 ¹
270 5343 307 5396 lta
325 5357 452 5411 expresse
470 5356 521 5397 ma.
538 5348 636 5396 nocato
650 5341 781 5396 vocabule
798 5350 826 5396 et
841 5357 894 5396 raon
910 5343 994 5398 inele-

202 5422 371 5483 gantesensu
390 5415 424 5467 ab
443 5412 583 5477 eliciendo,
604 5413 674 5467 sieut
690 5411 794 5481 iupiter
816 5418 849 5465 alr
864 5415 994 5468 eliciendis

203 5482 356 5540 fulminibus
371 5482 508 5537 dicebatur
523 5479 634 5549 Elicins,
652 5483 729 5537 brie.
744 5497 772 5537 ut
792 5480 816 5533 F
818 5492 886 5537 cst:

276 5573 392 5628 Eiiciuut
404 5573 466 5627 colo
479 5581 513 5638 te,
528 5570 650 5640 Jupiter:
665 5571 732 5626 unde
745 5573 855 5627 minores

310 5644 388 5698 Nunc
399 5660 497 5714 qaoque
518 5655 542 5698 tc
556 5642 699 5707 celebrarat,
716 5641 878 5715 Eliciumque
891 5654 992 5698 croccant.

240 5760 294 5816 Nisi
311 5759 388 5816 unalis
400 5761 506 5830 legere:
525 5758 695 5821 licitatorem,
719 5757 791 5827 qnod
810 5771 863 5811 arcu
878 5758 963 5828 placet
979 5773 986 5821 ;

1045 4659 1150 4719 tempus
1173 4650 1274 4716 inveni,
1301 4666 1356 4721 prae
1380 4652 1407 4706 in
1431 4651 1571 4707 inarmonia
1595 4652 1687 4730 mundi
1710 4655 1837 4710 rrrrirersa

1044 4742 1189 4798 animantia
1209 4742 1285 4798 brnts
1299 4745 1409 4814 pariter,
1429 4754 1456 4802 et
1467 4746 1591 4816 elinguia,
1609 4745 1772 4815 incedentia,
1788 4764 1838 4804 tro-

1043 4834 1226 4905 lantia,atqne
1240 4837 1355 4906 repulia,
1365 4837 1421 4892 suis
1435 4851 1547 4908 queque
1562 4837 1657 4902 urodis,
1669 4839 1725 4893 suis
1738 4839 1837 4905 sibilis,

1044 4927 1154 4998 suisrpre
1168 4944 1280 4998 rpnmqrre
1295 4929 1415 4994 vocibus,
1438 4931 1489 4983 etsi
1503 4943 1570 4984 scon
1586 4928 1707 4999 dissono,
1730 4939 1777 4984 aut
1790 4947 1839 4989 ore
1877 4946 1879 4950 “

1046 5130 1103 5184 sci:
1114 5131 1384 5201 elucidctercnt,qrrnri
1396 5132 1496 5187 molitu.
1511 5132 1573 5188 lime
1587 5133 1840 5200 Caninius-binc,

1047 5202 1073 5254 ni
1088 5200 1175 5267 lallor,
1188 5202 1330 5259 laudantur
1341 5202 1380 5256 illi
1394 5217 1488 5256 sersus
1501 5202 1599 5258 ovidii.
1620 5205 1678 5259 Non
1692 5204 1753 5260 ideo
1765 5206 1841 5261 dice·

1046 5270 1125 5326 batur
1134 5270 1240 5339 dispiter
1255 5273 1287 5324 bt
1297 5272 1363 5335 ciue,
1379 5273 1449 5342 qurrd
1460 5272 1570 5327 irrlnrina
1582 5275 1700 5330 vibraret
1712 5286 1739 5330 et
1758 5276 1841 5330 elice-

1045 5350 1095 5404 ret,
1114 5342 1161 5397 ecd
1177 5342 1247 5411 qrrnd
1266 5358 1281 5396 e
1300 5342 1368 5396 coelo
1385 5343 1442 5396 clici
1461 5357 1491 5397 se
1509 5354 1655 5410 pateretur.
1678 5347 1744 5400 Cum
1765 5361 1839 5400 enirm

1045 5411 1150 5480 iupiter
1174 5411 1201 5466 in
1225 5411 1337 5480 gratiam
1358 5411 1449 5467 Numa
1468 5412 1648 5468 desiderantis
1674 5430 1744 5471 serre
1773 5430 1841 5485 qno·

1047 5482 1127 5536 ranerio
1141 5480 1241 5536 intima
1255 5481 1320 5552 piari
1345 5491 1448 5552 posset,
1466 5497 1482 5536 e
1499 5483 1577 5537 coelis
1599 5483 1627 5539 iu
1647 5494 1734 5540 terras
1752 5496 1841 5540 trans-

1048 5561 1174 5613 measset,
1192 5550 1291 5605 Elicina
1304 5551 1453 5606 dccltatur.
1471 5552 1516 5607 Sic
1527 5553 1608 5608 etiarn
1624 5554 1765 5626 llrsperins
1782 5553 1841 5608 Eli·

1045 5625 1110 5675 citor
1122 5621 1271 5689 lapillorum
1285 5622 1462 5692 dir·ebarur,cp
1482 5624 1516 5679 od
1533 5638 1654 5695 gemmas
1671 5639 1687 5680 e
1706 5634 1777 5680 terra
1794 5625 1839 5679 rel

1046 5692 1178 5764 lapidibus
1193 5691 1328 5748 educeret.
1352 5693 1430 5746 Bisa.
