3810 6254
624 305 866 367 urtstotautiu
886 310 949 367 titt.
972 313 1004 367 v.
1578 317 1631 376 ott

110 415 211 485 minas,
234 417 344 504 aulerre
357 418 529 479 snbstantias.
548 420 579 477 ili
593 430 656 477 sum
674 436 787 491 quorum
800 427 827 484 A
839 425 931 495 pardi,
941 424 981 480 ad
996 426 1106 483 facetias
1120 430 1192 494 ursi,
1208 428 1241 483 ad
1255 428 1400 485 fallendum
1412 428 1522 498 vulpes,
1535 430 1568 486 ad
1583 447 1631 490 su·

120 506 197 564 audis
211 508 238 564 in
252 509 308 565 otio
323 511 529 581 occupationes,
548 504 575 567 in
591 527 655 583 pace
670 514 791 583 praedas,
844 516 1018 586 porhiendunr
1035 520 1114 585 tauri,
1128 521 1160 574 ad
1173 520 1387 576 consumendum
1401 522 1552 577 minotauri.
1565 524 1632 593 Sper

110 613 169 655 rura
189 596 280 670 lugas,
293 599 365 656 inter
383 603 444 656 uiua
457 601 592 658 victorias.
617 603 649 658 lii
671 603 814 674 suntqni.
844 609 935 667 llrmas
956 612 984 666 in
1006 627 1096 668 rerunt
1120 614 1236 669 motibus
1266 615 1378 679 hahent,
1405 614 1485 669 dubia
1513 610 1631 684 tempora

117 703 258 749 morantur
280 693 406 762 adhibiti,
430 696 578 766 impediunt
600 698 790 768 pretermissi,
843 704 942 758 certius
956 714 1057 773 amant,
1072 715 1097 759 ct
1114 706 1219 775 ignavia
1235 709 1335 776 pariter
1346 707 1562 779 conscientiaque
1576 719 1631 764 tre·

112 789 142 838 at
153 782 296 853 admoniti,
310 784 503 842 obliviscuntur
511 787 676 857 locupletati.
689 788 719 843 lli
731 797 792 844 sunt
843 794 978 864 pidantes,
994 812 1053 852 cum
1067 797 1121 851 sint
1135 799 1160 852 in
1175 799 1308 868 praetoriis
1322 784 1427 866 leones,
1443 800 1469 854 iu
1485 798 1580 854 castris
1594 800 1632 855 lc-

109 883 163 932 ruut
183 876 260 943 lites,
279 878 398 934 venduut
419 880 640 946 intercessiones,
664 882 791 951 deputant
843 902 940 956 peres,
963 889 1057 943 timent
1081 888 1195 953 loedera,
1221 905 1255 944 ne
1278 888 1467 954 discutiantur;
1486 889 1573 957 ueta,
1597 904 1632 946 ue

109 981 131 1034 r,
142 965 286 1036 judicanda
297 968 408 1037 dictant,
422 970 518 1026 dictata
531 973 695 1040 convellunt,
708 981 791 1029 attra·
843 985 973 1048 pugnent.
991 978 1110 1044 Quorum
1128 981 1150 1034 si
1172 994 1251 1034 nares
1268 979 1399 1034 aidarerit
1412 981 1515 1049 uspiam
1530 980 1631 1050 rubigi-

109 1057 246 1128 igmarus,
271 1061 429 1127 protrahunt
442 1061 604 1128 audiendos,
620 1062 729 1118 trahunt
741 1063 790 1118 ad·
843 1069 901 1123 nusi
915 1082 979 1123 aura
999 1070 1142 1135 marsupii,
1160 1067 1300 1125 corilestim
1315 1069 1417 1125 ridebis
1430 1070 1482 1124 iilic
1495 1078 1522 1126 et
1539 1071 1631 1127 oculos

116 1150 257 1207 retrahunt
270 1152 457 1223 transigentes.
476 1153 506 1208 ili
522 1164 585 1209 scint
600 1169 667 1226 quos
678 1156 700 1210 si
716 1165 792 1226 petas
842 1158 905 1227 Argi
926 1170 952 1213 et
973 1174 1068 1214 maritis
1088 1159 1205 1226 Briarei,
1222 1169 1250 1215 et
1270 1159 1446 1229 Sphingarum
1467 1175 1584 1230 ungnes,
1603 1168 1631 1216 et

109 1239 171 1295 rullo
184 1240 343 1299 aduersante
358 1242 527 1312 benelicium,
541 1245 612 1315 piget
623 1245 790 1313 promittere,
843 1251 959 1320 periuria
973 1249 1175 1318 Laomedontis,
1190 1259 1217 1306 et
1228 1251 1330 1322 Ulyssis
1341 1251 1468 1320 argutias,
1483 1258 1512 1304 ct
1522 1249 1630 1305 Sinonis

109 1335 220 1401 negare,
236 1333 347 1401 poenitet
368 1335 534 1403 prestitisse.
559 1335 590 1389 lli
603 1343 667 1390 sunt
678 1350 791 1406 quorum
844 1340 978 1407 fallacias,
994 1350 1022 1396 et
1038 1341 1116 1397 iidem
1131 1341 1360 1412 Polymnestoris.
1377 1348 1404 1396 et
1418 1340 1542 1410 pietatem
1562 1341 1630 1413 Pyg-

109 1421 196 1478 atioui
210 1423 319 1493 digitum
342 1423 467 1481 tollerent
487 1435 501 1464 ι
520 1426 676 1496 Narcissus,
694 1428 793 1483 Asiati·
843 1431 967 1487 mulionis
980 1431 1111 1487 adhiberi.
1132 1432 1179 1487 llis
1200 1431 1320 1487 moribus
1332 1421 1450 1487 obruunt
1469 1432 1554 1487 uirum
1576 1447 1630 1489 uon

109 1525 187 1580 assa,
204 1513 361 1581 Marcellus,
377 1516 477 1586 Carus,
493 1515 669 1583 Parthenius,
684 1516 792 1574 Licinus
843 1523 931 1577 minus
943 1523 1062 1579 bonitate
1073 1538 1153 1592 qnam
1166 1531 1298 1593 potestate
1308 1531 1488 1593 praestantem.
1501 1523 1553 1579 Sed
1566 1523 1630 1593 quid

109 1618 144 1660 ts.
159 1603 193 1659 lli
206 1615 268 1659 sunt
281 1606 325 1677 qui
341 1606 460 1663 inrident
475 1609 599 1663 tunicatis
613 1609 677 1679 otia,
692 1609 793 1679 stipeu·
843 1611 923 1667 inciat
944 1627 1013 1667 unrrs
1037 1613 1152 1681 undique
1177 1623 1309 1669 uenenato
1331 1613 1445 1667 uallatus
1467 1612 1630 1682 intcrpretei

109 1694 204 1761 udatis,
218 1695 312 1752 siatica
323 1697 478 1764 veredariis,
493 1699 685 1754 mercatoribus
696 1700 792 1755 nundi·
842 1705 911 1772 Quid
925 1705 1031 1774 inquam
1050 1704 1139 1771 iaciat,
1155 1706 1197 1761 cui
1213 1715 1306 1761 natura
1321 1721 1381 1761 cum
1392 1704 1486 1769 bouis,
1501 1705 1554 1761 nita
1569 1719 1630 1761 cum

109 1786 241 1843 iunnscula
261 1787 369 1858 legatis,
386 1789 503 1858 portoria
525 1789 789 1860 quadruptarorthus,
806 1796 920 1857 Bmalis
933 1796 994 1851 ent
1008 1796 1048 1851 hd
1060 1812 1171 1866 quorum
1189 1797 1264 1868 137
1280 1796 1391 1852 consilia
1406 1796 1524 1850 Phalaris
1535 1810 1630 1852 cruen-

115 1879 322 1948 provincialibus
334 1920 342 1944 t
356 1877 370 1917 ¹³
385 1880 509 1935 bathonia
531 1881 724 1951 municipibus,
745 1896 789 1936 ar·
845 1889 907 1951 tinr,
924 1887 993 1943 blida
1008 1888 1139 1955 cupidior,
1155 1888 1405 1957 hncusjactantior,
1419 1887 1580 1957 Tarquinius
1590 1901 1630 1942 stt·

109 1969 223 2036 ondera,
238 1984 379 2025 mensuras
393 1971 511 2037 allectis,
527 1972 622 2027 salaria
636 1972 790 2040 tabulariis,
844 1978 961 2048 perbior,
977 1979 1100 2034 Tiberius
1114 1979 1246 2044 callidior,
1262 1978 1344 2033 Gaius
1357 1979 1540 2048 periculosior,
1552 1977 1631 2032 Clau·

109 2062 192 2118 tiones
206 2063 384 2129 numerariis,
399 2065 566 2133 praetorianis
584 2065 733 2134 sportulas,
752 2065 791 2119 ei·
843 2070 902 2123 dius
924 2070 1073 2134 socordior,
1093 2069 1162 2123 Nero
1177 2067 1317 2134 impurior,
1333 2067 1416 2123 Galba
1432 2067 1548 2133 auarior,
1562 2067 1632 2122 Otho

109 2168 126 2209 ,ι
141 2153 272 2222 inducias,
286 2154 423 2224 uectigalia
439 2155 598 2224 publicanis,
614 2157 790 2212 reuerentiam
842 2159 978 2222 audacior,
1000 2159 1121 2213 Vitellius
1145 2159 1337 2229 sumptuosior,
1360 2157 1524 2213 Domitianus
1542 2166 1632 2211 trucu-

114 2287 122 2314 ,
144 2246 274 2319 originem
295 2247 444 2313 nubilibus,
467 2264 624 2305 consessum
640 2251 789 2320 prioribus,
842 2252 942 2309 lentior
957 2252 1124 2308 redderetur.
1140 2251 1210 2306 Sane
1223 2251 1293 2321 quod
1310 2249 1492 2321 principaliter
1510 2248 1631 2304 medetur

109 2354 174 2396 *sum
190 2340 352 2409 aequalibus,
364 2339 459 2396 cinctis
476 2340 639 2412 lssojura,
654 2340 791 2398 discinctis
842 2344 965 2407 aillietis,
982 2340 1140 2414 temperatd
1159 2342 1340 2398 Lucumonem
1361 2351 1481 2395 nostrum
1501 2337 1630 2409 Tanaquil

109 2430 148 2496 ia,
161 2430 270 2486 scholas
284 2432 466 2501 instituendis,
481 2432 618 2488 mercedes
629 2431 791 2488 instituenti·
842 2454 907 2506 sua,
923 2450 952 2496 et
965 2453 1044 2494 aures
1065 2437 1152 2492 mariti
1167 2439 1255 2491 virosa
1275 2449 1449 2490 susurronum
1472 2432 1536 2486 iacce
1555 2446 1630 2485 cnrn·

109 2531 179 2583 teras
189 2521 327 2583 institutis.
341 2523 372 2578 ili
383 2533 446 2578 sunt
458 2525 503 2594 qui
515 2524 594 2580 nonis
606 2525 701 2595 opibus
711 2525 789 2592 ebrii,
847 2532 932 2602 pletas
946 2529 1144 2600 opportunitate
1161 2528 1223 2583 salsi
1245 2527 1376 2581 sermonis
1399 2524 1533 2580 eruderat.
1550 2521 1631 2591 Cujus

109 2614 191 2671 inima
203 2624 364 2684 cognoscas,
388 2632 435 2685 per
449 2617 541 2672 utcndi
555 2618 789 2688 intemperantiam
842 2623 929 2678 studio
944 2623 1014 2678 scire
1026 2635 1074 2675 ros
1088 2635 1136 2690 par
1146 2627 1202 2685 cst;
1217 2617 1283 2672 nibil
1301 2616 1406 2671 interim
1420 2613 1504 2684 quieti
1519 2612 1630 2681 fratrum

109 2717 119 2762 t
141 2707 300 2780 imperitiam
322 2711 485 2778 possidendi.
502 2711 569 2767 Nam
592 2712 705 2767 libenter
718 2710 791 2767 ince-
841 2715 1021 2770 communium
1043 2713 1114 2782 apud
1132 2713 1249 2766 animum
1272 2708 1423 2765 communis
1444 2706 1549 2777 patroni
1564 2715 1577 2743 ²
1592 2706 1631 2775 iu·

109 2800 178 2856 mati
192 2802 225 2857 ad
238 2803 341 2870 epulas,
357 2803 438 2859 albati
451 2804 484 2859 ad
495 2809 646 2876 exsequias,
660 2805 745 2876 pelliti
756 2804 790 2860 ad
842 2807 945 2860 nicrum
960 2803 1145 2876 Cibyratarum
1166 2818 1268 2857 rerreua
1292 2800 1432 2865 nocuisse,
1453 2812 1538 2867 neque
1557 2796 1630 2867 quid·

109 2907 140 2958 rs,
152 2893 245 2964 pullati
256 2895 288 2948 ad
302 2895 418 2963 nuptias,
433 2906 444 2936 ⁰
457 2898 612 2952 castorinati
625 2897 658 2951 ad
672 2896 799 2960 litaniae·
841 2896 1003 2968 quamiiieo
1027 2894 1201 2965 propitiante)
1217 2895 1358 2956 nocitura;
1378 2893 1399 2946 si
1419 2890 1499 2945 modu
1513 2888 1629 2959 quandiu

122 2984 176 3041 illis
191 3001 275 3056 genus
289 2987 444 3054 bominum,
463 2989 602 3056 ordinum,
620 3000 789 3059 temporum,
842 2999 960 3056 presens
972 2993 1090 3057 potestas
1102 2985 1110 3015 ¹
1124 2983 1328 3052 lugdunensem
1342 2979 1512 3035 Germaniam
1525 2976 1535 3017 ¹
1546 2979 1627 3049 regit,

109 3084 146 3132 st.
168 3075 197 3130 ln
219 3074 277 3132 loro
296 3078 428 3148 Scythae„
441 3081 468 3133 in
490 3080 612 3135 eubiculo
630 3081 747 3150 riperse,
762 3081 789 3135 in
842 3085 961 3132 nostrum
983 3090 1114 3145 suumque
1135 3074 1325 3130 Germanicum
1345 3085 1466 3143 prensens
1487 3069 1630 3141 Agrippina

109 3181 258 3235 oscurrae,
274 3170 299 3224 in
315 3171 499 3227 exactionibus
513 3172 649 3243 harpyias,
670 3172 696 3226 in
709 3171 827 3234 collo-C
842 3170 1007 3226 moderetur.
1022 3167 1098 3223 l'ale.
1123 3208 1126 3214 .

109 3259 156 3318 bus
168 3270 272 3329 statne,
287 3262 314 3317 iu
326 3264 518 3333 quaestionibus
533 3265 636 3331 hestiae,
650 3266 676 3319 in
692 3275 788 3320 tracta·
1114 3259 1277 3318 EPISTULA
1297 3259 1355 3316 titii

109 3350 219 3419 ueblear,
234 3352 260 3406 in
273 3355 457 3411 contractibus
472 3356 625 3425 trapezitae;
641 3357 673 3411 ad
689 3356 789 3412 intelli·
984 3355 1109 3412 Sidonius
1124 3365 1136 3402 t
1151 3355 1299 3410 Securutiuo
1313 3369 1359 3407 suo
1371 3352 1487 3406 salutem.

109 3442 214 3507 tsaxei,
228 3443 446 3511 adiudicandum
461 3446 557 3515 lignei,
579 3446 612 3501 ad
627 3461 788 3503 succensen-
879 3450 928 3504 Diu
940 3448 1046 3519 quidem
1059 3458 1111 3513 cst,
1120 3448 1191 3516 quud
1202 3429 1233 3502 te
1249 3428 1412 3502 hexametris
1422 3444 1577 3499 familiarius
1588 3444 1631 3498 iu·
1732 3477 1734 3480 -

110 3533 209 3600 marei,
224 3533 257 3588 ad
276 3533 466 3605 ignoscendum
482 3535 582 3602 terrei,
603 3534 636 3589 ad
657 3537 790 3592 amicitias
843 3540 1007 3595 seruientem
1026 3547 1163 3608 stupentes
1184 3537 1412 3607 praedicantesque
1434 3534 1630 3590 lectitabamus.

109 3668 273 3725 ¹chsariani
288 3687 382 3728 omnes
394 3672 492 3738 liberti,
509 3686 590 3740 prauo
610 3672 727 3739 iugenio,
742 3671 788 3728 de·
880 3671 893 3710 ἅ
910 3671 1087 3743 chilpericum
1103 3685 1190 3740 regem
1209 3685 1285 3723 uror.
1304 3669 1368 3733 Ouia
1386 3666 1564 3731 Lucrrmonis,
1579 3665 1631 3723 hoo

109 3755 183 3810 mque
201 3742 308 3797 iniamia
326 3742 391 3797 clari
406 3761 412 3794 :
429 3743 584 3805 Narcissus,
602 3743 687 3796 Pallas
701 3755 725 3795 cr
741 3742 787 3796 Li·
843 3752 886 3798 est
899 3742 1035 3811 Tarquinii
1052 3741 1143 3800 Prisci,
1157 3755 1223 3793 trxor
1237 3739 1285 3793 huit
1298 3738 1435 3805 Tanaquil,
1453 3738 1562 3806 ligurate
1573 3737 1631 3793 haec

109 3809 355 3882 Glandi'vhngusti3
377 3814 476 3877 llassa,
494 3813 634 3867 Marcellus
657 3821 682 3867 et
706 3813 789 3867 Carus
844 3813 950 3867 uomina
962 3810 1089 3866 transient
1100 3811 1132 3863 ad
1143 3810 1321 3878 chilpericum
1332 3818 1358 3862 et
1367 3822 1478 3861 uxorem
1492 3823 1499 3858 ε
1511 3816 1540 3859 ut
1549 3808 1630 3876 paulo

109 3893 130 3946 t;
153 3878 285 3937 Asiaticus
299 3883 416 3948 Vitellii3
442 3883 599 3936 Parthenius
626 3882 765 3937 Domitiani
781 3900 789 3936 τ
843 3882 963 3949 inieritis,
978 3881 1128 3938 Germanici
1143 3889 1169 3934 et
1190 3878 1342 3947 Agrippinae
1355 3876 1505 3958 nominibus
1518 3875 1627 3957 eosdem

109 3963 144 4003 us
157 3949 269 4015 Seneca,
285 3952 408 4016 Persius,
421 3952 571 4014 inivenalis,
586 3951 722 4016 llartialis',
737 3952 788 4008 Ta·
843 3942 979 4019 designat,
994 3952 1056 4020 quia
1074 3949 1218 4020 Agrippina
1236 3963 1303 4002 uxor
1318 3947 1368 4001 init
1382 3947 1533 4002 Germanici
1547 3945 1630 4014 patris

109 4019 199 4074 ’liuius
213 4029 335 4091 uterque,
353 4023 496 4079 Suetonius
511 4029 538 4077 et
553 4021 611 4075 ilio.
845 4023 981 4091 Galigulac.

109 4089 212 4151 tmluia,
228 4090 363 4146 huminum
378 4092 536 4147 sacerdotia.
553 4090 682 4145 Flamonii
697 4107 790 4148 uocem
881 4102 892 4130 ⁰
908 4093 956 4159 Qui
968 4091 1085 4146 moribus
1096 4089 1212 4144 reieraut
1226 4086 1322 4141 iratres
1336 4084 1587 4153 illos'ilepolemum
1602 4093 1631 4140 et

109 4159 184 4215 ninio
197 4171 343 4232 agnoscunt
354 4173 459 4218 ueteres
472 4162 585 4231 glossae,
605 4169 633 4217 et
655 4161 792 4231 inscriptio
844 4162 986 4217 ilieronem
1000 4161 1132 4230 eGyhiris
1146 4157 1256 4219 cinon,
1271 4169 1477 4236 qururumunpera
1493 4168 1556 4207 usus
1566 4153 1631 4210 ller-

109 4230 174 4285 ulia.
436 4252 438 4256 ·
845 4247 889 4287 res
905 4233 930 4287 iu
943 4231 1119 4298 depraedanda
1134 4229 1234 4284 Sicilia.
1252 4227 1289 4281 lle
1305 4226 1346 4280 his
1363 4223 1489 4280 Grceroh
1505 4223 1628 4278 Verrius.

268 4303 298 4357 1..
320 4303 372 4358 iu.
393 4302 526 4358 VALENS
624 4314 628 4322 '
845 4301 924 4356 Urbis
940 4317 1005 4356 vero
1020 4316 1116 4355 nornen
1132 4304 1321 4365 corrumpunt,
1342 4294 1386 4364 qui
1413 4294 1491 4348 aliter
1512 4295 1632 4349 scribunt

248 4373 300 4427 ΟΒ
327 4374 347 4426 ΙΙ
359 4374 381 4428 0
391 4373 411 4426 N
423 4375 444 4426 θ
455 4374 477 4427 tt
487 4374 509 4428 E
520 4374 543 4428 ll
802 4418 808 4433 ,
844 4373 884 4425 vel
895 4372 1043 4427 enuntiant.
1063 4372 1108 4425 Sic
1124 4369 1196 4423 enirn
1215 4368 1400 4439 Gyhirntarurn
1424 4365 1541 4434 ipsorum
1555 4380 1631 4418 num·

320 4443 479 4498 sunnonis
846 4457 904 4495 mus
917 4443 1060 4509 antirquus,
1076 4441 1102 4494 iu
1117 4455 1170 4508 quo
1192 4441 1321 4505 scripturn
1338 4444 1379 4490 est
1393 4443 1580 4501 Stoicumst,
1604 4443 1632 4491 cl

332 4514 361 4567 Β,
382 4513 414 4567 Ρ.
434 4513 466 4568 Ι).
805 4487 995 4582 Deponentes
1018 4510 1110 4564 ciuitas
1125 4516 1198 4564 recte
1216 4509 1285 4576 apud
1299 4507 1421 4562 Tacitum
1431 4519 1457 4558 rr
1477 4504 1630 4559 Annalium.

883 4580 893 4619 f
905 4582 950 4636 Sic
965 4581 1081 4650 appellat
1091 4579 1294 4649 Lugdunensem
1306 4576 1454 4646 regionem,
1466 4575 1492 4629 iu
1522 4587 1554 4628 ua
1566 4575 1632 4629 Birr-

109 4651 214 4709 inicum
233 4648 329 4706 munus
343 4649 438 4706 dicitur
451 4650 477 4705 in
492 4649 543 4704 alia
559 4649 730 4720 inscriptione
743 4665 793 4705 an·
847 4652 997 4722 gundioues
1009 4651 1137 4706 Germani
1158 4647 1373 4725 dominabantur.
1390 4645 1459 4726 nihil
1473 4590 1583 4700 stipato
1593 4644 1632 4700 ia-

109 4722 234 4778 tramines
247 4733 335 4776 autern
348 4720 375 4774 iu
388 4721 536 4789 municipiis
549 4719 632 4776 inisse
642 4728 756 4786 constat,
766 4726 794 4775 et
847 4722 976 4776 miliarius
991 4735 1069 4788 quam
1084 4721 1109 4773 iu
1122 4718 1315 4773 Gcrrnanornm
1331 4730 1440 4771 nomine
1453 4715 1554 4778 ludere,
1571 4729 1632 4770 cum

109 4795 175 4850 riter
189 4791 339 4859 municipiis
353 4791 484 4858 tributos,
502 4790 688 4859 rit-pruvinciis
705 4805 794 4845 sacer·
846 4792 878 4845 de
893 4788 1123 4861 Burgundionibus
1137 4797 1177 4842 est
1196 4802 1294 4853 sermo,
1309 4786 1353 4852 qui
1368 4800 1403 4840 ex
1428 4785 1586 4850 Germania,
1603 4795 1632 4839 ut

110 4863 258 4932 Drepanius
271 4860 383 4915 Pacatus
402 4861 429 4915 in
450 4861 624 4931 panegyrico,
645 4859 794 4914 reuerendos
846 4861 912 4926 dixi,
937 4860 1100 4930 prodierant.
1120 4857 1205 4924 Supra
1219 4857 1299 4926 epist.
1316 4853 1346 4917 li,
1360 4869 1436 4907 curua
1447 4853 1632 4908 Gerasenorum

109 4934 151 4988 ruli
165 4948 280 5004 purpura
300 4931 434 5002 flamines,
452 4932 564 5000 insigues
582 4930 695 4996 apicibus
715 4945 810 4984 sacen.
846 4940 970 4985 correctns.
981 4927 1107 4985 Carmine
1118 4926 1161 4991 ld,
1173 4934 1197 4981 et
1208 4925 1359 4980 Germanica
1371 4924 1445 4978 uerba
1455 4924 1630 4977 sustinentem.

109 5003 209 5058 toralia
224 5001 346 5057 hiartiani
358 5003 402 5068 ih,
418 4999 459 5054 Ne
472 5001 571 5071 {lamini
584 4998 743 5069 uranicipali,
754 5014 796 5052 aa·
847 5001 1016 5056 Germaniam
1032 5014 1097 5054 saue
1112 5006 1213 5067 partem
1230 4996 1301 5050 iliam
1317 4994 1409 5050 Gallias
1421 5006 1499 5073 quam
1510 4992 1632 5074 Bnrgun·

111 5074 248 5146 morincurt
258 5073 346 5126 liceret
357 5072 448 5127 holere
460 5087 565 5124 osorem
576 5067 708 5123 ancillam.
847 5070 941 5126 diones
955 5071 1007 5142 57
1025 5074 1196 5137 occuparunt,
1212 5081 1271 5136 quus
1293 5064 1400 5134 proprio
1415 5063 1511 5146 deliine
1525 5077 1633 5145 nomino

109 5145 221 5207 storina,
237 5157 284 5197 seu
297 5142 392 5197 dhrina
405 5149 480 5195 reste
495 5140 594 5194 amicti.
614 5139 728 5194 isidorus
741 5137 795 5192 ori·
848 5140 998 5212 Bnrguudia
1016 5145 1165 5207 nuncupata
1186 5144 1243 5199 eo,
1260 5150 1293 5190 co
1307 5133 1387 5190 modo
1401 5133 1453 5187 dict
1475 5132 1563 5197 lrcurt,
1579 5148 1632 5202 quo

109 5227 152 5267 mx
165 5229 174 5270 ς
189 5212 334 5277 Fihrinum,
345 5212 442 5282 inquit,
455 5209 515 5263 lona
525 5220 661 5274 castorum,
672 5218 694 5263 et
704 5207 796 5277 fibrina
848 5210 1013 5265 Britanniam
1025 5208 1139 5264 insulam
1155 5210 1253 5262 scimus
1267 5205 1410 5262 Saxoniam
1426 5205 1631 5259 transmarinam

109 5291 213 5336 tramant
225 5285 256 5337 ae
266 5282 325 5348 hiri
339 5283 398 5336 iuna
409 5280 514 5348 hahens,
530 5281 668 5334 castorius.
681 5280 797 5333 timbro-
848 5281 1008 5336 arronnultis
1029 5277 1205 5349 scriptoribus
1219 5277 1353 5332 interdurn
1367 5273 1520 5341 vocitatam,
1532 5273 1567 5330 ab
1578 5272 1620 5329 dn

109 5371 112 5404 r
132 5353 260 5424 dignitate
276 5352 419 5407 sacerdotii
435 5370 441 5404 :
459 5351 606 5406 Gestorinux
621 5350 756 5412 querimur
771 5357 795 5403 et
847 5350 897 5420 glis
911 5354 954 5421 qui
968 5366 984 5407 e
997 5351 1112 5406 Saxonia
1128 5360 1160 5402 eo
1179 5347 1348 5416 trajecerant.
1592 5412 1599 5424 ι

109 5419 791 5492 urm:eriiteeeirrrerepiseoporcredituttiorem,
882 5421 1090 5491 tLugdunensi,
1103 5418 1179 5488 cuius
1191 5426 1219 5472 ut
1234 5427 1320 5489 poetae
1330 5416 1386 5487 jain
1402 5417 1506 5472 mentio
1519 5413 1569 5469 luit
1581 5412 1620 5467 hh
1655 5462 1658 5468 ,

109 5506 145 5546 cru
155 5494 266 5565 induerit
278 5493 424 5548 clariorem.
439 5493 540 5548 Eodem
553 5498 673 5562 spectant
687 5487 794 5545 lutriuae
847 5503 876 5556 u,
892 5493 971 5562 epist.
983 5491 1028 5548 to.

110 5561 238 5619 uGarolo
254 5564 404 5633 Eginarthi.

109 5680 195 5806 &tondi
210 5689 300 5737 uotam
324 5680 350 5737 ia
369 5679 442 5738 hunc
452 5680 540 5738 iocum
556 5689 653 5773 *contra
666 5679 829 5738 Sararomm
846 5679 988 5739 confirmat
1000 5679 1196 5761 wesselingius
1206 5681 1240 5738 ad
1255 5679 1325 5738 lert.
1336 5679 1517 5736 Romanorum
1527 5672 1630 5746 itiner,
