3810 6254
141 230 192 292 tta
304 285 308 293 .
829 224 1093 290 musmonem
1367 176 1372 181 ⁸
1470 188 1471 192 '
1725 235 1778 301 ,50

140 345 212 402 dium
233 344 260 400 in
282 342 405 413 contego
428 353 487 410 cap.
511 338 548 424 77
563 339 686 394 76777777
705 339 817 393 Ammius
839 338 934 394 librom
947 342 975 404 Α
988 339 1105 396 77777777
1117 343 1202 399 editio
1215 344 1329 401 7777777777
1339 344 1440 416 prodiit
1451 360 1523 403 anuo
1534 345 1614 414 7777,
1631 348 1699 419 typis
1712 348 1777 406 Bar·

139 452 215 492 77777777
235 436 340 508 inopum
362 431 555 502 conscripsisse
578 439 752 488 memoretur.
782 431 931 488 stillat·
984 430 1777 506 tuolonaiWesrbcmcrt.bqnaitemurbeannolbbeen

138 539 243 587 vertere
255 529 405 586 debuerant
416 525 532 584 Victoris
548 522 738 580 Cartennensis
751 524 848 580 librum
861 517 931 580 Gen·
984 521 1092 579 iienrici
1117 525 1189 581 Petri
1204 527 1310 583 cilicina
1336 529 1434 600 prodiit
1449 544 1517 587 noua
1532 545 1670 588 sacrorum
1685 544 1776 591 aucto-

138 623 222 680 serico
235 623 353 678 oblatum
368 621 468 689 luisse,
490 627 518 674 ut
538 632 568 674 se
585 632 618 674 ex
634 615 792 688 praelatione
803 616 933 675 didicisse
982 633 1043 675 rem
1065 621 1191 678 collectio
1220 624 1272 679 sub
1300 624 1578 699 Ortbodoxograpbiae
1600 630 1726 700 nomine,
1747 630 1776 687 in

139 724 251 774 77777777
278 715 392 784 ipsemet
420 710 573 768 Gennadius
602 710 661 766 ioco
689 709 819 776 laudum
851 724 932 781 quem
982 729 1046 783 qua,
1060 714 1130 771 inter
1143 716 1196 771 alia
1209 732 1293 773 sacrm
1304 722 1467 791 antiquitatis
1478 734 1661 796 monumenta,
1675 725 1775 782 halcu.

138 808 250 879 proinde
262 805 344 862 alium
358 818 418 860 esse
431 818 447 858 a
462 802 523 858 tidei
544 801 635 858 libello
650 801 695 871 qui
715 802 739 855 in
755 800 872 857 Victoris
885 801 932 858 ilis
983 816 1027 863 tur
1042 808 1157 866 Virronis
1172 813 1256 868 nostri
1271 814 1331 870 libri
1347 824 1401 871 tres
1423 819 1457 874 de
1468 819 1656 878 Persecutione
1669 822 1776 879 Vanda-

52 910 57 915 ·
136 891 715 964 nonambetnr,tanendumen.carerun
733 891 930 950 lictoreodem
983 899 1259 972 licaeumpnssione
1279 913 1433 962 sanctorum
1452 919 1555 979 septem
1569 912 1775 970 monachorum,

137 995 216 1053 nodo
227 994 291 1050 idei
301 991 497 1063 professionem
510 987 635 1047 7777777777
644 1002 702 1049 auae
711 987 831 1045 inserere
843 988 930 1065 poluit
981 990 1115 1050 Caeterum
1130 1008 1201 1052 anno
1224 996 1293 1057 7567
1308 1014 1405 1055 nouam
1427 1001 1489 1056 ilem
1504 1001 1617 1059 lictoris
1630 1002 1776 1063 eginonem

139 1105 192 1162 qno
205 1086 335 1146 ilumerisi
345 1084 445 1143 edice.
983 1081 1091 1141 Parisiis
1114 1088 1217 1143 curavit
1237 1089 1278 1144 uir
1301 1089 1335 1146 67
1359 1106 1388 1145 77
1409 1090 1539 1148 1777777777
1562 1093 1632 1151 bene
1650 1096 1775 1167 meritus,

168 1182 240 1240 ml·
261 1180 392 1252 57777777
406 1176 568 1242 ntdicamns
585 1173 620 1231 77
634 1172 747 1231 77777777
767 1170 930 1244 7777777777·
982 1175 1140 1235 Franciseus
1163 1180 1324 1250 balduinus,
1346 1183 1461 1240 celebris
1481 1185 1700 1255 jurisconsultus,
1727 1189 1776 1261 qui

135 1279 184 1336 ω
194 1275 230 1339 ‘d
247 1291 309 1346 Ψ
322 1274 391 1330 Μ
402 1279 522 1328 mum
537 1269 654 1329 vimi*
669 1267 816 1327 ‘flumem
836 1281 930 1324 ⁰¹⁰⁰¹¹¹
983 1275 1085 1344 primus
1098 1277 1218 1332 omnium
1234 1275 1304 1334 bnnc
1326 1277 1469 1335 Historiam
1495 1282 1695 1337 commentariis
1709 1282 1774 1339 iilu-

134 1370 268 1429 fflimsso
294 1366 408 1424 00717οθ1
430 1378 495 1422 Μ
517 1363 545 1419 ill
569 1361 667 1433 quibus
686 1361 789 1430 inlssssffl
813 1356 930 1421 victoris
981 1370 1085 1425 simii·
1103 1371 1185 1428 paulo
1205 1381 1277 1441 Μαι,
1294 1388 1365 1432 anno
1387 1375 1491 1431 Sitifim
1505 1373 1586 1444 ¹576·
1607 1350 1775 1448 margarini&

137 1457 515 1526 ttcmnunmtanmenr,
525 1456 635 1515 omnnio
646 1451 928 1526 quarantianum:
981 1463 1092 1537 ungarus
1114 1467 1225 1523 7777777
1239 1467 1529 1528 cututtmunuccan
1550 1479 1704 1528 7777777
1720 1470 1775 1529 na-

136 1566 192 1614 7777
203 1555 309 1612 scilieet
322 1568 357 1610 en
370 1550 531 1609 bibliotheca
545 1546 701 1604 Coibortina
715 1585 723 1612 ,
736 1558 804 1615 quos
818 1557 868 1611 pro
880 1556 929 1599 suo
982 1563 1063 1623 qum,
1079 1573 1138 1629 qum
1153 1559 1250 1616 perum
1265 1574 1336 1618 ,nno
1352 1561 1422 1619 1539
1435 1564 1462 1619 1„
1483 1565 1577 1621 eadem
1596 1566 1663 1621 urbe
1676 1581 1775 1626 ,musa
1865 1584 1868 1591 .

135 1665 211 1730 71777
222 1657 252 1705 77
263 1651 393 1705 70777777
405 1659 467 1715 7777
479 1643 583 1700 “iiiiii
597 1637 796 1704 7777707777,
808 1634 929 1692 777777ἰῑ
980 1655 1033 1716 est,
1047 1656 1074 1705 77
1089 1649 1114 1703 77
1137 1659 1251 1721 utroque
1273 1651 1361 1708 iocum
1382 1652 1464 1710 habet
1478 1663 1569 1712 noster
1583 1655 1689 1723 iictor3
1706 1658 1775 1716 sicut

136 1740 258 1800 munt.
274 1740 306 1797 G·
323 1737 477 1809 777777
499 1733 623 1789 777777
636 1750 645 1799 ;
658 1738 782 1803 quartum
805 1745 870 1788 vero
895 1744 928 1786 ex
941 1723 968 1788 lt
981 1739 1046 1795 7777
1060 1737 1261 1809 coloniensum
1276 1744 1443 1813 77777777
1458 1747 1486 1803 tn
1499 1748 1775 1819 attrscjusnousan-

135 1835 298 1893 monasterio
311 1831 485 1889 benedictino
498 1828 590 1885 Sancd
610 1825 745 1883 biartinia
759 1823 867 1893 Campis
882 1839 928 1879 or·
980 1841 1084 1890 cccrum
1097 1835 1205 1891 Parrum
1220 1853 1331 1907 operum
1346 1840 1561 1914 collectionibus,
1574 1861 1634 1916 qua
1646 1847 1774 1919 deinceps

134 1932 203 1988 dinis
219 1927 414 1985 cluniacensis.
443 1923 481 1980 777
499 1920 661 1978 colbertinis
675 1917 812 1988 antiquior
826 1917 928 1974 saeculo
979 1922 1007 1981 in
1020 1925 1106 1983 lucem
1121 1928 1289 1998 prodierunt.
1314 1932 1380 2001 Qum
1394 1948 1489 1992 omues
1513 1936 1645 1995 editiones
1662 1941 1712 1996 sub
1729 1940 1774 2000 lli-

135 2038 205 2081 7077
217 2031 266 2078 777
278 2019 403 2092 77(77777
421 2017 538 2087 ictiimis
557 2015 678 2079 ridetur,
698 2010 832 2069 77777777
848 2009 928 2081 paulo
979 2023 1061 2078 eloris
1085 2023 1220 2080 Uticensis
1245 2026 1354 2083 nomine
1377 2027 1492 2100 vulgatae
1517 2040 1580 2087 sunt
1596 2039 1693 2102 prater
1708 2033 1774 2094 duas

134 2117 267 2173 7777777777
281 2123 341 2179 777;
357 2111 452 2169 7777777
467 2123 531 2165 7777
544 2106 652 2163 nonnisi
666 2119 752 2161 annos
767 2103 928 2175 quingentos
979 2110 1051 2167 beati
1066 2112 1200 2178 [lienam.
1226 2118 1252 2172 in
1276 2118 1373 2187 quibus
1387 2119 1478 2176 Victor
1493 2121 1609 2179 Vitensis
1631 2126 1774 2199 episcopm

134 2208 238 2266 777777
253 2204 392 2277 77777777,
407 2200 455 2258 777
468 2199 515 2272 (777
529 2213 611 2255 7777
624 2204 748 2253 77777777
765 2203 793 2251 77
806 2193 928 2265 77777777
979 2204 1136 2273 appellatur.
1153 2207 1207 2263 Sed
1219 2223 1312 2264 vernum
1323 2211 1429 2267 titulum
1444 2215 1560 2270 asseruit
1575 2215 1671 2274 Petrus
1686 2220 1774 2290 braq-

135 2311 258 2360 esaratus
271 2307 332 2364 est,
342 2299 377 2353 in
396 2295 473 2366 eujus
494 2293 650 2363 paginarum
666 2288 829 2359 marginibus
845 2286 928 2344 uarie
978 2294 1066 2350 ciscus
1078 2296 1228 2354 Cinitiletius
1239 2299 1265 2354 in
1275 2299 1331 2370 jam
1343 2301 1448 2358 laudata
1461 2303 1590 2375 editione,
1606 2322 1687 2378 quam
1702 2324 1773 2383 anno

136 2411 166 2452 ea
182 2396 235 2450 alio
249 2394 341 2463 aliquo
352 2388 445 2447 codice
465 2388 595 2443 lectiones
618 2384 771 2450 habentur,
792 2383 869 2437 itaut
883 2381 927 2437 uie
981 2387 1049 2443 7667
1064 2389 1177 2448 Divinos
1202 2391 1261 2447 [leri
1280 2393 1393 2449 curarit.
1409 2393 1553 2466 Ceterum,
1573 2412 1607 2453 ne
1628 2400 1646 2454 ii
1662 2403 1706 2472 qni
1722 2400 1773 2471 La-

136 2486 215 2544 codex
231 2482 397 2556 prodoobus
408 2479 506 2537 merito
519 2477 669 2533 censendus
684 2476 728 2531 sit.
742 2472 832 2530 Codex
847 2471 926 2529 deni·
979 2481 1034 2537 qm,
1049 2483 1172 2554 qgnmm
1185 2495 1239 2542 „m
1257 2487 1348 2542 exim„
1364 2491 1454 2556 oper„
1478 2490 1593 2547 ,wione
1609 2494 1772 2557 ,rumma-

135 2571 674 2653 ltlessantiifflliinitsstmliibtluiolim
685 2564 927 2625 77777777770777·
980 2580 1032 2636 777,
1048 2573 1073 2625 in
1098 2575 1268 2630 vernaculam
1293 2576 1410 2646 linguam
1434 2594 1487 2633 non
1508 2581 1592 2638 semei
1615 2582 1773 2641 translatum

135 2674 265 2745 pianensis
276 2672 342 2736 suit,
359 2671 392 2726 77
405 2668 483 2724 annis
503 2668 567 2723 item
581 2664 668 2722 terme
680 2662 836 2734 quingentis
852 2661 927 2724 vide·
978 2671 1030 2720 est.
1045 2664 1080 2721 Et
1094 2666 1182 2735 primo
1196 2668 1305 2737 quidem
1320 2668 1421 2735 Gallico
1435 2672 1535 2744 prodiit
1557 2674 1656 2730 saeculo
1669 2690 1774 2746 77777-

135 2777 176 2824 777
186 2766 313 2836 scriptus.
333 2761 522 2819 consuluimus
536 2759 617 2814 etiam
631 2756 719 2812 varias
734 2754 866 2812 lectiones
877 2767 925 2810 co·
978 2754 1063 2823 denti,
1076 2772 1147 2814 anno
1161 2760 1266 2817 scilicet
1287 2762 1380 2831 1563,
1393 2779 1476 2834 opera
1500 2764 1639 2823 Francisci
1653 2767 1772 2828 licitare.

136 2858 201 2915 dicis
222 2858 301 2914 bonae
323 2865 415 2922 note,
442 2861 471 2909 ut
490 2851 587 2907 asserit
606 2848 768 2910 Cbiiiietius.
782 2843 927 2902 carthusie
979 2848 1032 2912 stii,
1048 2848 1157 2906 Parisiis
1179 2852 1249 2919 apud
1273 2851 1426 2912 Gabrielem
1450 2857 1539 2924 buou;
1561 2866 1589 2916 et
1611 2874 1683 2918 auno
1703 2862 1774 2920 7667

136 2952 292 3017 Portarum,
316 2962 383 3019 quas
403 2947 474 3003 idem
492 2944 550 3015 ipse
570 2943 610 2999 uir
626 2941 746 2998 eruditus
763 2941 792 2995 in
809 2939 879 2994 notis
893 2938 928 2993 ad
978 2942 1062 3000 altera
1077 2943 1103 2998 in
1118 2944 1212 3001 eadem
1227 2945 1305 3011 7777,
1322 2946 1356 3001 ab
1378 2947 1557 3005 illustrissimo
1577 2952 1694 3009 ernaldo
1718 2955 1773 3010 dn·

135 3045 268 3102 Victorem
284 3042 363 3099 nobis
376 3037 565 3110 suppeditavit.
581 3036 616 3090 At
631 3043 728 3101 praeter
744 3032 792 3086 bos
807 3030 925 3098 codices,
979 3035 1056 3092 diiiio
1066 3046 1219 3106 procurato.
1232 3039 1271 3093 nd
1284 3039 1462 3107 naecnncllce
1474 3041 1545 3106 edita
1556 3053 1597 3099 est
1608 3059 1679 3100 anno
1691 3045 1772 3104 77775,

135 3138 285 3195 dissident
302 3147 357 3191 tres
375 3132 534 3194 7777777777
549 3125 701 3197 inquibus,
714 3124 824 3192 7777770
844 3120 926 3192 priori
940 3101 964 3167 C
980 3128 1078 3183 77777777
1101 3145 1166 3184 vero
1181 3133 1301 3188 omnium
1316 3134 1350 3188 ad
1367 3142 1486 3189 nostram
1508 3135 1624 3191 Victoris
1647 3137 1772 3195 ilistorias

136 3235 219 3301 libro,
245 3229 361 3286 Victoris
384 3226 469 3282 nostri
494 3222 611 3279 ilistoria
631 3221 733 3289 integra
748 3220 862 3273 babetur
875 3215 926 3272 sub
978 3220 1124 3278 editionem
1138 3221 1320 3290 adornandam
1336 3225 1378 3280 usi
1392 3239 1497 3294 sumus,
1511 3226 1616 3282 collatis
1630 3228 1700 3283 incer
1711 3243 1772 3285 segg

137 3322 267 3382 nacionis
284 3320 369 3376 sancti
384 3316 497 3388 Eugenii
513 3314 599 3370 titulo.
619 3312 693 3368 ilnus
708 3326 740 3366 ox
756 3309 798 3365 bis
811 3318 852 3365 est
867 3306 924 3363 tili.
978 3321 1032 3368 tam
1058 3328 1123 3370 mss.
1138 3330 1217 3385 quam
1233 3316 1313 3372 editis
1333 3317 1483 3384 codicibus,
1498 3333 1610 3389 quorum
1631 3320 1718 3376 saclas
1732 3321 1772 3379 10.

137 3410 362 3471 carnutensium
385 3407 541 3468 necassent
560 3404 651 3461 sacen
675 3400 805 3458 occncrdt
827 3400 853 3455 in
875 3398 925 3454 trac
976 3406 1080 3463 cilones
1101 3420 1150 3462 777
1164 3407 1224 3464 loco
1242 3408 1438 3467 7777777777.
1462 3410 1525 3467 uae
1546 3411 1581 3469 de
1594 3412 1712 3470 77777777
1727 3414 1773 3469 ui-

136 3508 196 3564 urbe
206 3501 430 3572 Pffliiffltilief
444 3500 471 3555 77
486 3507 577 3554 777777
588 3495 679 3553 577777
691 3491 819 3550 9777777
832 3505 847 3546 7
861 3490 926 3545 Pri·
978 3498 1061 3554 tensis
1075 3496 1190 3553 iiistoria
1219 3501 1380 3568 praemittere
1401 3501 1488 3558 risum
1513 3511 1565 3558 est.
1589 3502 1626 3558 Dc
1642 3502 1683 3557 bis
1706 3518 1772 3561 vero

137 3601 163 3655 tis
175 3595 341 3656 bibliotheca
356 3599 523 3659 asservatur,
545 3599 656 3659 uterquc
671 3587 704 3642 77
726 3584 804 3640 annis
816 3581 925 3638 circiter
976 3607 1037 3663 qnae
1050 3601 1172 3663 spectant
1185 3593 1217 3648 ad
1232 3603 1330 3650 caetera
1345 3604 1528 3665 monumenta,
1542 3611 1602 3666 quse
1615 3597 1642 3650 in
1658 3595 1710 3651 isco
1723 3611 1772 3653 vc.

137 3692 181 3750 777
194 3689 378 3762 conscriptus·
394 3686 448 3744 Sco
463 3700 516 3740 nnc
542 3684 641 3739 sacculo
665 3680 800 3738 recentior
819 3678 926 3733 videtur
978 3686 1079 3742 777777
1093 3683 1275 3753 continentur,
1290 3685 1377 3743 777777
1401 3688 1444 3744 nic
1457 3688 1591 3745 67777777
1613 3703 1772 3758 supervaca-

137 3784 225 3840 urtius
241 3796 277 3837 en
297 3780 340 3836 bis
359 3777 515 3845 codicibus,
537 3775 583 3846 qni
604 3781 647 3831 est
666 3771 820 3828 monasterii
840 3769 924 3826 nostri
977 3793 1057 3835 neum
1078 3778 1158 3846 poreq,
1173 3795 1234 3836 cum
1259 3793 1306 3839 su„
1321 3780 1468 3852 unicuique
1478 3782 1609 3852 opusculo
1633 3781 1773 3854 ms,

137 3876 220 3934 Sancti
234 3873 357 3932 Cornelii
374 3869 607 3942 compendiensis.
628 3868 762 3923 Praeterea
786 3865 848 3922 iidei
865 3879 926 3935 pru·
977 3872 1125 3930 admonitio
1150 3872 1176 3928 id
1197 3873 1304 3930 abunde
1326 3874 1431 3931 doceat.
1453 3874 1505 3930 Sed
1530 3884 1620 3931 tamen
1644 3886 1672 3931 qq
1690 3879 1772 3934 rogus

138 3968 287 4032 iussionem,
298 3966 324 4022 id
339 3973 380 4020 cst
393 3954 502 4020 tertium
517 3961 631 4018 Victoris
644 3959 768 4016 Historiae
779 3958 887 4025 librum,
898 3965 926 4014 et
976 3963 1101 4021 llistociae
1114 3963 1266 4021 vandalicae
1287 3964 1390 4040 seriem
1408 3964 1458 4020 sub
1478 3979 1544 4032 uno,
1570 3974 1600 4021 ut
1615 3966 1652 4020 ita
1672 3966 1771 4035 dicam,

138 4057 259 4115 iiotitiam
272 4057 400 4115 Ecclesiae
411 4055 543 4111 Airicane
556 4052 788 4110 contulimuscum
801 4052 926 4106 vetustis-
976 4057 1048 4113 ocull
1062 4064 1208 4126 conspectu
1220 4057 1304 4113 lector
1315 4055 1416 4112 babere
1426 4057 1520 4125 possit,
1532 4057 1593 4127 post
1603 4072 1696 4112 corum
1709 4073 1771 4129 quse
1819 4063 1833 4088 ·

139 4154 200 4211 7770
217 4161 246 4209 77
261 4151 369 4222 777777
384 4149 559 4206 7077777777
575 4162 625 4202 77·
643 4144 765 4201 ecclesia}
785 4143 925 4199 77777777·
976 4149 1024 4206 bie
1043 4151 1214 4208 eontinentur
1236 4148 1380 4222 syllabum,
1412 4148 1632 4220 chronologicum
1653 4150 1770 4209 indicem

139 4245 282 4304 17377777
290 4245 381 4301 77777
390 4235 924 4311 1777777777,(777777777777777777
976 4243 1146 4308 exhibemus,
1169 4244 1196 4299 in
1220 4240 1404 4313 quo·singuia
1418 4256 1530 4322 quaeque
1552 4242 1630 4298 istius
1645 4241 1772 4301 ilistoriae

140 4339 294 4412 octingentis
306 4346 431 4393 77777777
444 4345 496 4394 777·
976 4339 1064 4408 oapita
1076 4336 1190 4407 singulis
1209 4335 1286 4391 annis
1306 4333 1404 4404 quibus
1415 4333 1561 4403 contigisse
1586 4334 1666 4405 uulgo
1678 4335 1760 4392 existi

167 4430 238 4487 llll.
251 4430 391 4487 Editiones
400 4444 465 4487 reru
478 4426 598 4500 eiusdem
612 4425 741 4491 auctoris,
755 4439 822 4496 quas
833 4423 925 4480 ridere
977 4439 1085 4505 mansur
1099 4428 1331 4501 consignavimus.
1347 4428 1377 4484 Si
1392 4428 1456 4498 quid
1470 4442 1547 4497 nero,
1570 4426 1626 4484 imo
1641 4428 1772 4503 quidquid

140 4520 219 4590 1777»
232 4521 276 4576 777
288 4528 362 4577 ⁸⁰¹¹!-
378 4520 469 4575 Pfimti
480 4518 586 4591 quidem
600 4517 704 4573 777777
716 4517 842 4572 7777777
856 4514 926 4570 777·
939 4486 993 4581 ll,
1007 4540 1052 4581 me
1064 4523 1092 4579 in
1112 4530 1168 4578 toto
1188 4520 1269 4591 buius
1284 4520 1407 4577 Historiae
1421 4519 1537 4577 decursu
1558 4528 1698 4589 peccatum
1713 4518 1771 4582 iue—
1789 4596 1792 4600 ι
1863 4548 1867 4555 -

143 4614 253 4682 77777777
267 4611 468 4677 7777777777,
486 4623 501 4663 7
516 4611 594 4666 77777
612 4609 742 4665 7777777
756 4615 925 4678 7777777777]
978 4617 1026 4683 rit,
1037 4615 1152 4684 benigne
1172 4612 1288 4681 accipiat
1310 4610 1404 4674 777777,
1427 4619 1455 4667 77
1475 4624 1564 4667 meum
1578 4611 1675 4666 saltem
1698 4610 1725 4667 in
1740 4613 1789 4666 re'

142 4701 329 4762 ⁸²⁵fleae⁸¹¹⁰⁰
346 4702 439 4772 ¹555,
461 4716 558 4774 (77777
575 4701 683 4758 7777777
699 4699 866 4757 7707777777
882 4700 927 4757 Vi·
978 4706 1184 4776 tampraeclara,
1201 4704 1249 4760 sed
1272 4700 1330 4760 iere
1344 4701 1615 4772 neglecta,conatum
1638 4701 1770 4773 aequibo-

140 4804 190 4852 ctor
214 4807 308 4852 noster
328 4795 464 4863 vitensis,
489 4795 560 4850 inter
580 4793 648 4850 elios
664 4793 783 4850 historia
796 4794 925 4851 ecciesia-
978 4801 1060 4869 nique
1071 4796 1206 4863 consulat,
1218 4794 1307 4851 animo
1319 4803 1458 4873 reputans,
1471 4806 1520 4850 nee
1534 4792 1599 4849 mibi
1613 4793 1771 4849 sincerique

141 4889 205 4945 7777
219 4897 355 4955 7777777,
370 4886 484 4957 777777
497 4887 526 4942 77
536 4886 623 4942 777777
635 4885 743 4956 777777·
760 4885 861 4942 Eadem
876 4901 925 4941 77·
977 4891 1036 4947 7777
1049 4889 1178 4955 studinm,
1191 4902 1243 4945 nec
1255 4887 1430 4958 diligentiam,
1443 4885 1490 4942 sed
1501 4884 1676 4942 eruditionem
1689 4900 1770 4958 argu·

140 4991 237 5037 crorum
248 4980 373 5036 collectio
381 4979 489 5035 Parisiis
499 4979 596 5034 iterum
608 4992 707 5035 excusa
717 4986 758 5033 est
768 4992 832 5032 ann.
844 4977 923 5046 7777,
979 4988 1070 5037 mento
1085 4994 1177 5050 panem
1191 4977 1335 5050 aliqnando
1349 4976 1478 5044 deibisse,
1492 4991 1571 5048 quam
1585 4976 1620 5032 ab
1636 4975 1696 5032 aliis
1706 4992 1769 5034 cru.

140 5071 470 5144 typisGaleotiPratensis.
480 5070 553 5127 Ateo
564 5069 925 5141 temporisinterrailoquod
978 5073 1119 5130 ditioribus
1133 5071 1252 5142 suppleri
1265 5078 1397 5140 77777777.
1415 5067 1549 5126 Caeterum
1570 5068 1628 5123 777
1642 5067 1769 5125 7776777-

140 5163 351 5236 inerarramqne
361 5165 505 5221 editionem
516 5163 628 5231 eidunit,
638 5162 695 5218 baec
705 5162 798 5220 eadem
812 5163 925 5221 lictoris
976 5183 1015 5223 cae
1030 5165 1224 5237 persecutionis
1245 5163 1364 5221 ilistoria
1389 5177 1452 5233 pars
1473 5168 1531 5219 erat
1546 5161 1627 5217 totius
1644 5160 1768 5219 Historia

141 5257 251 5316 Historia
262 5258 381 5315 Colonia
395 5258 550 5328 Agrippinm
563 5270 634 5311 auno
647 5256 727 5325 7577,
742 5253 924 5312 aiieininardo
977 5257 1193 5329 persecutionum
1215 5257 1248 5313 ab
1267 5253 1374 5311 Arianis
1385 5262 1441 5310 tum
1468 5252 1686 5323 imperatoribus,
1711 5261 1768 5309 tum

142 5345 258 5409 ioriebio
272 5351 431 5408 iiadamario
445 5351 515 5423 typis
528 5348 650 5404 mandata
666 5358 717 5416 est,
731 5348 877 5418 etquidem
891 5363 924 5404 ex
976 5352 1056 5408 etiam
1072 5349 1197 5406 Barbarie
1210 5348 1398 5414 excitatorum,
1414 5361 1494 5416 quem
1513 5355 1635 5416 pacatam
1650 5345 1767 5402 bamba-

143 5446 228 5502 codice
243 5459 293 5501 ms.
307 5445 345 5499 uti
356 5443 470 5511 ridetur,
481 5443 611 5513 siquidem
626 5442 653 5497 in
664 5442 925 5512 epistoladedieato·
977 5457 1053 5508 mus;
1076 5441 1153 5512 cuius
1167 5441 1246 5497 aliam
1262 5447 1375 5511 partem,
1400 5438 1533 5511 siquidem
1547 5439 1598 5510 piis
1611 5447 1638 5494 et
1655 5435 1766 5493 eruditis

143 5539 192 5603 77.
205 5540 278 5599 irase
289 5537 428 5602 historiam
440 5553 456 5590 a
472 5538 611 5603 lineorum,
625 5535 714 5605 quibes
726 5536 815 5593 orrodi
827 5535 928 5591 tidelm
978 5534 1041 5590 uiris
1055 5549 1107 5590 non
1131 5533 1324 5604 displicituram
1344 5530 1566 5597 intellexerimus,
1580 5543 1640 5585 cum
1661 5536 1767 5596 tempus

144 5641 187 5699 777,
204 5632 301 5707 injurio
314 5647 345 5689 se
363 5630 512 5686 vindicasse
531 5629 680 5700 protitetur.
702 5628 792 5686 ultera
807 5628 927 5699 eiusdem
978 5628 1031 5684 erit
1044 5627 1128 5698 magis
1143 5624 1412 5699 opportunumtypis
1427 5623 1555 5682 mandare
1568 5616 1729 5694 curabimus.
1776 5657 1779 5680 ‚
1795 5703 1800 5715 ⁴
