<?xml version="1.0" encoding="UTF-8"?>
<!DOCTYPE html PUBLIC "-//W3C//DTD XHTML 1.0 Transitional//EN"
    "http://www.w3.org/TR/xhtml1/DTD/xhtml1-transitional.dtd">
<html xmlns="http://www.w3.org/1999/xhtml" xml:lang="en" lang="en">
 <head>
  <title>
</title>
<meta http-equiv="Content-Type" content="text/html;charset=utf-8" />
  <meta name='ocr-system' content='tesseract 3.04.00' />
  <meta name='ocr-capabilities' content='ocr_page ocr_carea ocr_par ocr_line ocrx_word'/>
</head>
<body>
  <div class='ocr_page' id='page_1' title='image "./patrologiaecurs99unkngoog_0233.png"; bbox 0 0 3810 6254; ppageno 0'>
   <div class='ocr_carea' id='block_1_1' title="bbox 192 354 1830 424">
    <p class='ocr_par' dir='ltr' id='par_1_1' title="bbox 192 354 1830 424">
     <span class='ocr_line' id='line_1_1' title="bbox 192 354 1830 424; baseline 0.001 -10"><span class='ocrx_word' id='word_1_1' title='bbox 192 360 246 421; x_wconf 77' lang='lat' dir='ltr'>llll</span> <span class='ocrx_word' id='word_1_2' title='bbox 823 355 946 414; x_wconf 79' lang='lat' dir='ltr'>sluomll</span> <span class='ocrx_word' id='word_1_3' title='bbox 963 354 1188 415; x_wconf 77' lang='lat' dir='ltr'>accumulatus</span> <span class='ocrx_word' id='word_1_4' title='bbox 1771 357 1830 424; x_wconf 68' lang='lat' dir='ltr'>lld</span> 
     </span>
    </p>
   </div>
   <div class='ocr_carea' id='block_1_2' title="bbox 193 464 1831 640">
    <p class='ocr_par' dir='ltr' id='par_1_2' title="bbox 193 447 1831 640">
     <span class='ocr_line' id='line_1_2' title="bbox 193 464 1831 552; baseline -0.001 -14"><span class='ocrx_word' id='word_1_5' title='bbox 193 479 364 539; x_wconf 72' lang='lat' dir='ltr'>mentientes.</span> <span class='ocrx_word' id='word_1_6' title='bbox 388 475 493 533; x_wconf 76' lang='lat' dir='ltr'>Abeunt</span> <span class='ocrx_word' id='word_1_7' title='bbox 507 471 614 542; x_wconf 89' lang='lat' dir='ltr'>lubriel,</span> <span class='ocrx_word' id='word_1_8' title='bbox 635 471 800 543; x_wconf 88' lang='lat' dir='ltr'>tortuosique</span> <span class='ocrx_word' id='word_1_9' title='bbox 815 473 942 543; x_wconf 73' lang='lat' dir='ltr'>pugillatu</span> <span class='ocrx_word' id='word_1_10' title='bbox 956 480 984 529; x_wconf 93' lang='lat' dir='ltr'>et</span> <span class='ocrx_word' id='word_1_11' title='bbox 996 480 1022 539; x_wconf 73' lang='grc' dir='ltr'><strong>Α</strong></span> <span class='ocrx_word' id='word_1_12' title='bbox 1034 484 1143 530; x_wconf 88' lang='lat' dir='ltr'>arcuata</span> <span class='ocrx_word' id='word_1_13' title='bbox 1167 474 1305 530; x_wconf 80' lang='lat' dir='ltr'>intervalla</span> <span class='ocrx_word' id='word_1_14' title='bbox 1321 485 1476 532; x_wconf 82' lang='lat' dir='ltr'>reseratur:</span> <span class='ocrx_word' id='word_1_15' title='bbox 1491 491 1541 535; x_wconf 90' lang='lat' dir='ltr'>uec</span> <span class='ocrx_word' id='word_1_16' title='bbox 1555 475 1615 550; x_wconf 80' lang='lat' dir='ltr'>pite</span> <span class='ocrx_word' id='word_1_17' title='bbox 1640 486 1703 534; x_wconf 91' lang='lat' dir='ltr'>sunt</span> <span class='ocrx_word' id='word_1_18' title='bbox 1718 464 1831 552; x_wconf 77' lang='lat' dir='ltr'>medias,</span> 
     </span>
     <span class='ocr_line' id='line_1_3' title="bbox 195 559 1830 640; baseline -0.003 -11"><span class='ocrx_word' id='word_1_19' title='bbox 195 572 307 629; x_wconf 78' lang='lat' dir='ltr'>nexibus</span> <span class='ocrx_word' id='word_1_20' title='bbox 320 567 472 640; x_wconf 74' lang='lat' dir='ltr'>palaestrita</span> <span class='ocrx_word' id='word_1_21' title='bbox 487 580 495 621; x_wconf 76' lang='grc' dir='ltr'>ι</span> <span class='ocrx_word' id='word_1_22' title='bbox 509 579 623 636; x_wconf 90' lang='lat' dir='ltr'>quorum</span> <span class='ocrx_word' id='word_1_23' title='bbox 641 564 721 621; x_wconf 90' lang='lat' dir='ltr'>etiam</span> <span class='ocrx_word' id='word_1_24' title='bbox 740 564 874 619; x_wconf 82' lang='lat' dir='ltr'>virentum</span> <span class='ocrx_word' id='word_1_25' title='bbox 889 564 984 630; x_wconf 89' lang='lat' dir='ltr'>luctas,</span> <span class='ocrx_word' id='word_1_26' title='bbox 1036 559 1084 617; x_wconf 88' lang='lat' dir='ltr'>sed</span> <span class='ocrx_word' id='word_1_27' title='bbox 1094 560 1235 625; x_wconf 83' lang='lat' dir='ltr'>columnae,</span> <span class='ocrx_word' id='word_1_28' title='bbox 1248 575 1313 631; x_wconf 89' lang='lat' dir='ltr'>quas</span> <span class='ocrx_word' id='word_1_29' title='bbox 1324 560 1462 616; x_wconf 75' lang='lat' dir='ltr'>architecti</span> <span class='ocrx_word' id='word_1_30' title='bbox 1474 564 1616 632; x_wconf 84' lang='lat' dir='ltr'>penitiores</span> <span class='ocrx_word' id='word_1_31' title='bbox 1628 562 1642 600; x_wconf 75' lang='lat'>¹¹</span> <span class='ocrx_word' id='word_1_32' title='bbox 1654 563 1830 624; x_wconf 78' lang='lat' dir='ltr'>aedificiorum</span> 
     </span>
    </p>
   </div>
   <div class='ocr_carea' id='block_1_3' title="bbox 196 654 1844 1201">
    <p class='ocr_par' dir='ltr' id='par_1_3' title="bbox 196 654 1844 1201">
     <span class='ocr_line' id='line_1_4' title="bbox 196 654 1830 728; baseline -0.004 -7"><span class='ocrx_word' id='word_1_33' title='bbox 196 664 218 721; x_wconf 89' lang='lat' dir='ltr'>sl</span> <span class='ocrx_word' id='word_1_34' title='bbox 239 662 406 718; x_wconf 78' lang='lat' dir='ltr'>involvantur</span> <span class='ocrx_word' id='word_1_35' title='bbox 426 658 577 724; x_wconf 90' lang='lat' dir='ltr'>obscenius,</span> <span class='ocrx_word' id='word_1_36' title='bbox 593 665 666 712; x_wconf 85' lang='lat' dir='ltr'>casta</span> <span class='ocrx_word' id='word_1_37' title='bbox 687 656 856 713; x_wconf 72' lang='lat' dir='ltr'>confestim·</span> <span class='ocrx_word' id='word_1_38' title='bbox 875 672 987 728; x_wconf 86' lang='lat' dir='ltr'>gymua-</span> <span class='ocrx_word' id='word_1_39' title='bbox 1038 668 1167 725; x_wconf 86' lang='lat' dir='ltr'>purpuras</span> <span class='ocrx_word' id='word_1_40' title='bbox 1192 655 1244 726; x_wconf 79' lang='lat'>37</span> <span class='ocrx_word' id='word_1_41' title='bbox 1266 669 1462 724; x_wconf 82' lang='lat' dir='ltr'>nuncupavere.</span> <span class='ocrx_word' id='word_1_42' title='bbox 1483 654 1512 710; x_wconf 94' lang='lat' dir='ltr'>ln</span> <span class='ocrx_word' id='word_1_43' title='bbox 1528 656 1596 710; x_wconf 88' lang='lat' dir='ltr'>hanc</span> <span class='ocrx_word' id='word_1_44' title='bbox 1617 671 1681 727; x_wconf 88' lang='lat' dir='ltr'>ergo</span> <span class='ocrx_word' id='word_1_45' title='bbox 1697 657 1830 727; x_wconf 87' lang='lat' dir='ltr'>piscinam</span> 
     </span>
     <span class='ocr_line' id='line_1_5' title="bbox 196 747 1832 822; baseline -0.002 -9"><span class='ocrx_word' id='word_1_46' title='bbox 196 755 362 814; x_wconf 88' lang='lat' dir='ltr'>slarcborum</span> <span class='ocrx_word' id='word_1_47' title='bbox 385 751 458 820; x_wconf 83' lang='lat' dir='ltr'>rirgx</span> <span class='ocrx_word' id='word_1_48' title='bbox 479 749 614 806; x_wconf 80' lang='lat' dir='ltr'>dissolvit.</span> <span class='ocrx_word' id='word_1_49' title='bbox 637 749 705 818; x_wconf 82' lang='lat' dir='ltr'>Quid</span> <span class='ocrx_word' id='word_1_50' title='bbox 728 749 823 818; x_wconf 86' lang='lat' dir='ltr'>plurat</span> <span class='ocrx_word' id='word_1_51' title='bbox 845 750 909 804; x_wconf 92' lang='lat' dir='ltr'>nihil</span> <span class='ocrx_word' id='word_1_52' title='bbox 933 749 987 805; x_wconf 89' lang='lat' dir='ltr'>illis</span> <span class='ocrx_word' id='word_1_53' title='bbox 1039 747 1185 803; x_wconf 86' lang='lat' dir='ltr'>·lluentum</span> <span class='ocrx_word' id='word_1_54' title='bbox 1195 748 1228 804; x_wconf 88' lang='lat' dir='ltr'>de</span> <span class='ocrx_word' id='word_1_55' title='bbox 1238 748 1626 821; x_wconf 77' lang='lat' dir='ltr'>superciliomontiselicitum,</span> <span class='ocrx_word' id='word_1_56' title='bbox 1637 750 1832 822; x_wconf 87' lang='lat' dir='ltr'>canalibusque</span> 
     </span>
     <span class='ocr_line' id='line_1_6' title="bbox 197 837 1830 924; baseline -0.004 -20"><span class='ocrx_word' id='word_1_57' title='bbox 197 848 299 924; x_wconf 88' lang='lat' dir='ltr'>paginis</span> <span class='ocrx_word' id='word_1_58' title='bbox 315 847 475 919; x_wconf 87' lang='lat' dir='ltr'>impressum</span> <span class='ocrx_word' id='word_1_59' title='bbox 493 844 654 916; x_wconf 91' lang='lat' dir='ltr'>reperietur,</span> <span class='ocrx_word' id='word_1_60' title='bbox 669 845 742 915; x_wconf 92' lang='lat' dir='ltr'>quod</span> <span class='ocrx_word' id='word_1_61' title='bbox 757 858 810 900; x_wconf 93' lang='lat' dir='ltr'>non</span> <span class='ocrx_word' id='word_1_62' title='bbox 829 845 930 901; x_wconf 81' lang='lat' dir='ltr'>uidisse</span> <span class='ocrx_word' id='word_1_63' title='bbox 952 845 987 901; x_wconf 87' lang='lat' dir='ltr'>sit</span> <span class='ocrx_word' id='word_1_64' title='bbox 1037 838 1204 897; x_wconf 78' lang='lat' dir='ltr'>circumactis</span> <span class='ocrx_word' id='word_1_65' title='bbox 1228 856 1274 910; x_wconf 84' lang='lat' dir='ltr'>per</span> <span class='ocrx_word' id='word_1_66' title='bbox 1287 840 1418 897; x_wconf 86' lang='lat' dir='ltr'>exteriora</span> <span class='ocrx_word' id='word_1_67' title='bbox 1435 840 1574 895; x_wconf 81' lang='lat' dir='ltr'>natatoriae</span> <span class='ocrx_word' id='word_1_68' title='bbox 1598 837 1608 879; x_wconf 73' lang='lat'><strong><em>¹</em></strong></span> <span class='ocrx_word' id='word_1_69' title='bbox 1628 839 1712 897; x_wconf 84' lang='lat' dir='ltr'>latera</span> <span class='ocrx_word' id='word_1_70' title='bbox 1731 858 1830 898; x_wconf 86' lang='lat' dir='ltr'>curra·</span> 
     </span>
     <span class='ocr_line' id='line_1_7' title="bbox 197 932 1844 1004; baseline -0.007 -5"><span class='ocrx_word' id='word_1_71' title='bbox 197 941 325 1000; x_wconf 87' lang='lat' dir='ltr'>sanctius.</span> <span class='ocrx_word' id='word_1_72' title='bbox 341 936 451 998; x_wconf 75' lang='lat' dir='ltr'>bPaucl</span> <span class='ocrx_word' id='word_1_73' title='bbox 471 949 559 995; x_wconf 90' lang='lat' dir='ltr'>tamen</span> <span class='ocrx_word' id='word_1_74' title='bbox 576 938 700 995; x_wconf 83' lang='lat' dir='ltr'>versiculi</span> <span class='ocrx_word' id='word_1_75' title='bbox 721 939 848 995; x_wconf 88' lang='lat' dir='ltr'>lectorem</span> <span class='ocrx_word' id='word_1_76' title='bbox 867 939 987 996; x_wconf 87' lang='lat' dir='ltr'>adventi·</span> <span class='ocrx_word' id='word_1_77' title='bbox 1038 941 1105 999; x_wconf 92' lang='lat' dir='ltr'>tum,</span> <span class='ocrx_word' id='word_1_78' title='bbox 1119 948 1164 988; x_wconf 86' lang='lat' dir='ltr'>sex</span> <span class='ocrx_word' id='word_1_79' title='bbox 1180 933 1274 989; x_wconf 84' lang='lat' dir='ltr'>llstulae</span> <span class='ocrx_word' id='word_1_80' title='bbox 1293 933 1475 1003; x_wconf 87' lang='lat' dir='ltr'>prominentes</span> <span class='ocrx_word' id='word_1_81' title='bbox 1488 932 1595 987; x_wconf 89' lang='lat' dir='ltr'>leonum</span> <span class='ocrx_word' id='word_1_82' title='bbox 1610 933 1743 988; x_wconf 78' lang='lat' dir='ltr'>simulatis</span> <span class='ocrx_word' id='word_1_83' title='bbox 1755 932 1844 1004; x_wconf 87' lang='lat' dir='ltr'>capi·&#39;</span> 
     </span>
     <span class='ocr_line' id='line_1_8' title="bbox 199 1022 1831 1102; baseline -0.005 -12"><span class='ocrx_word' id='word_1_84' title='bbox 199 1035 264 1092; x_wconf 89' lang='lat' dir='ltr'>tium</span> <span class='ocrx_word' id='word_1_85' title='bbox 278 1032 492 1101; x_wconf 88' lang='lat' dir='ltr'>remorabuntur,</span> <span class='ocrx_word' id='word_1_86' title='bbox 505 1031 614 1087; x_wconf 90' lang='lat' dir='ltr'>minime</span> <span class='ocrx_word' id='word_1_87' title='bbox 626 1032 748 1102; x_wconf 89' lang='lat' dir='ltr'>improbo</span> <span class='ocrx_word' id='word_1_88' title='bbox 759 1040 987 1101; x_wconf 89' lang='lat' dir='ltr'>temperamento;</span> <span class='ocrx_word' id='word_1_89' title='bbox 1039 1022 1110 1079; x_wconf 92' lang='lat' dir='ltr'>tibus</span> <span class='ocrx_word' id='word_1_90' title='bbox 1124 1023 1263 1080; x_wconf 91' lang='lat' dir='ltr'>ellundunt</span> <span class='ocrx_word' id='word_1_91' title='bbox 1275 1042 1282 1091; x_wconf 90' lang='lat'>;</span> <span class='ocrx_word' id='word_1_92' title='bbox 1292 1039 1351 1094; x_wconf 80' lang='lat' dir='ltr'>qum</span> <span class='ocrx_word' id='word_1_93' title='bbox 1364 1032 1464 1080; x_wconf 91' lang='lat' dir='ltr'>temere</span> <span class='ocrx_word' id='word_1_94' title='bbox 1479 1023 1606 1093; x_wconf 73' lang='lat' dir='ltr'>ingressis</span> <span class='ocrx_word' id='word_1_95' title='bbox 1620 1039 1697 1080; x_wconf 85' lang='lat' dir='ltr'>renas</span> <span class='ocrx_word' id='word_1_96' title='bbox 1709 1025 1831 1082; x_wconf 85' lang='lat' dir='ltr'>dentium</span> 
     </span>
     <span class='ocr_line' id='line_1_9' title="bbox 198 1115 1831 1201; baseline -0.007 -17"><span class='ocrx_word' id='word_1_97' title='bbox 198 1127 259 1201; x_wconf 87' lang='lat' dir='ltr'>qtda</span> <span class='ocrx_word' id='word_1_98' title='bbox 275 1142 322 1184; x_wconf 90' lang='lat' dir='ltr'>eos</span> <span class='ocrx_word' id='word_1_99' title='bbox 338 1141 387 1183; x_wconf 90' lang='lat' dir='ltr'>nce</span> <span class='ocrx_word' id='word_1_100' title='bbox 406 1124 535 1197; x_wconf 85' lang='lat' dir='ltr'>relegisse</span> <span class='ocrx_word' id='word_1_101' title='bbox 554 1124 689 1181; x_wconf 89' lang='lat' dir='ltr'>desiderio</span> <span class='ocrx_word' id='word_1_102' title='bbox 708 1134 760 1193; x_wconf 87' lang='lat' dir='ltr'>est,</span> <span class='ocrx_word' id='word_1_103' title='bbox 780 1140 829 1182; x_wconf 90' lang='lat' dir='ltr'>nee</span> <span class='ocrx_word' id='word_1_104' title='bbox 844 1126 989 1201; x_wconf 69' lang='lat' dir='ltr'>perlegisse</span> <span class='ocrx_word' id='word_1_105' title='bbox 1039 1124 1141 1183; x_wconf 88' lang='lat' dir='ltr'>crates,</span> <span class='ocrx_word' id='word_1_106' title='bbox 1164 1132 1254 1173; x_wconf 89' lang='lat' dir='ltr'>merus</span> <span class='ocrx_word' id='word_1_107' title='bbox 1281 1117 1419 1172; x_wconf 87' lang='lat' dir='ltr'>oculorum</span> <span class='ocrx_word' id='word_1_108' title='bbox 1445 1115 1568 1183; x_wconf 86' lang='lat' dir='ltr'>lurores,</span> <span class='ocrx_word' id='word_1_109' title='bbox 1588 1127 1674 1172; x_wconf 87' lang='lat' dir='ltr'>certas</span> <span class='ocrx_word' id='word_1_110' title='bbox 1694 1118 1831 1174; x_wconf 81' lang='lat' dir='ltr'>cervicum</span> 
     </span>
    </p>
   </div>
   <div class='ocr_carea' id='block_1_4' title="bbox 109 1207 1831 1289">
    <p class='ocr_par' dir='ltr' id='par_1_4' title="bbox 109 1207 1831 1289">
     <span class='ocr_line' id='line_1_10' title="bbox 109 1207 1831 1289; baseline -0.008 -12"><span class='ocrx_word' id='word_1_111' title='bbox 109 1271 115 1281; x_wconf 81' lang='grc'><em>,</em></span> <span class='ocrx_word' id='word_1_112' title='bbox 146 1207 161 1247; x_wconf 63' lang='grc'>’·</span> <span class='ocrx_word' id='word_1_113' title='bbox 201 1219 316 1276; x_wconf 85' lang='lat' dir='ltr'>lastidio.</span> <span class='ocrx_word' id='word_1_114' title='bbox 338 1218 395 1275; x_wconf 83' lang='lat' dir='ltr'>iam</span> <span class='ocrx_word' id='word_1_115' title='bbox 410 1218 433 1273; x_wconf 92' lang='lat' dir='ltr'>si</span> <span class='ocrx_word' id='word_1_116' title='bbox 446 1232 579 1274; x_wconf 88' lang='lat' dir='ltr'>marmora</span> <span class='ocrx_word' id='word_1_117' title='bbox 595 1218 725 1288; x_wconf 88' lang='lat' dir='ltr'>inquiras,</span> <span class='ocrx_word' id='word_1_118' title='bbox 740 1233 793 1274; x_wconf 93' lang='lat' dir='ltr'>non</span> <span class='ocrx_word' id='word_1_119' title='bbox 810 1217 865 1273; x_wconf 92' lang='lat' dir='ltr'>illic</span> <span class='ocrx_word' id='word_1_120' title='bbox 882 1219 988 1289; x_wconf 88' lang='lat' dir='ltr'>quidem</span> <span class='ocrx_word' id='word_1_121' title='bbox 1038 1207 1118 1279; x_wconf 80' lang='lat' dir='ltr'>iubas</span> <span class='ocrx_word' id='word_1_122' title='bbox 1134 1208 1360 1279; x_wconf 86' lang='lat' dir='ltr'>imaginabuntur.</span> <span class='ocrx_word' id='word_1_123' title='bbox 1371 1208 1449 1264; x_wconf 89' lang='lat' dir='ltr'>llicsi</span> <span class='ocrx_word' id='word_1_124' title='bbox 1460 1207 1597 1264; x_wconf 89' lang='lat' dir='ltr'>dominum</span> <span class='ocrx_word' id='word_1_125' title='bbox 1609 1225 1656 1264; x_wconf 91' lang='lat' dir='ltr'>seu</span> <span class='ocrx_word' id='word_1_126' title='bbox 1670 1211 1831 1276; x_wconf 74' lang='lat' dir='ltr'>comesum,</span> 
     </span>
    </p>
   </div>
   <div class='ocr_carea' id='block_1_5' title="bbox 127 1300 1833 2395">
    <p class='ocr_par' dir='ltr' id='par_1_5' title="bbox 127 1300 1833 2395">
     <span class='ocr_line' id='line_1_11' title="bbox 201 1300 1832 1381; baseline -0.002 -19"><span class='ocrx_word' id='word_1_127' title='bbox 201 1309 299 1379; x_wconf 80' lang='lat' dir='ltr'>Paros,</span> <span class='ocrx_word' id='word_1_128' title='bbox 315 1308 451 1381; x_wconf 82' lang='lat' dir='ltr'>Carystos,</span> <span class='ocrx_word' id='word_1_129' title='bbox 470 1318 480 1347; x_wconf 74' lang='lat' dir='ltr'>t</span> <span class='ocrx_word' id='word_1_130' title='bbox 496 1307 682 1374; x_wconf 85' lang='lat' dir='ltr'>Proconlssns,</span> <span class='ocrx_word' id='word_1_131' title='bbox 708 1305 842 1380; x_wconf 79' lang='lat' dir='ltr'>Phryges,</span> <span class='ocrx_word' id='word_1_132' title='bbox 857 1308 988 1378; x_wconf 64' lang='lat' dir='ltr'>sturmium,</span> <span class='ocrx_word' id='word_1_133' title='bbox 1040 1316 1088 1359; x_wconf 91' lang='lat' dir='ltr'>seu</span> <span class='ocrx_word' id='word_1_134' title='bbox 1109 1301 1249 1370; x_wconf 90' lang='lat' dir='ltr'>hospitalis</span> <span class='ocrx_word' id='word_1_135' title='bbox 1268 1301 1345 1356; x_wconf 87' lang='lat' dir='ltr'>turbu</span> <span class='ocrx_word' id='word_1_136' title='bbox 1367 1301 1542 1369; x_wconf 84' lang='lat' dir='ltr'>circumstet,</span> <span class='ocrx_word' id='word_1_137' title='bbox 1557 1300 1618 1371; x_wconf 88' lang='lat' dir='ltr'>qrxiu</span> <span class='ocrx_word' id='word_1_138' title='bbox 1639 1318 1693 1370; x_wconf 81' lang='lat' dir='ltr'>prm</span> <span class='ocrx_word' id='word_1_139' title='bbox 1714 1305 1832 1372; x_wconf 84' lang='lat' dir='ltr'>strepitu</span> 
     </span>
     <span class='ocr_line' id='line_1_12' title="bbox 127 1393 1833 1493; baseline -0.006 -32"><span class='ocrx_word' id='word_1_140' title='bbox 127 1456 129 1461; x_wconf 83' lang='lat'><em>.</em></span> <span class='ocrx_word' id='word_1_141' title='bbox 202 1400 353 1493; x_wconf 80' lang='lat' dir='ltr'>Spartiatae,</span> <span class='ocrx_word' id='word_1_142' title='bbox 373 1400 479 1470; x_wconf 81' lang='lat' dir='ltr'>rupium</span> <span class='ocrx_word' id='word_1_143' title='bbox 497 1399 658 1455; x_wconf 81' lang='lat' dir='ltr'>variatarum</span> <span class='ocrx_word' id='word_1_144' title='bbox 674 1412 789 1470; x_wconf 81' lang='lat' dir='ltr'>posuere</span> <span class='ocrx_word' id='word_1_145' title='bbox 807 1408 925 1468; x_wconf 88' lang='lat' dir='ltr'>crustas;</span> <span class='ocrx_word' id='word_1_146' title='bbox 942 1417 989 1458; x_wconf 86' lang='lat' dir='ltr'>ne·</span> <span class='ocrx_word' id='word_1_147' title='bbox 1041 1393 1286 1460; x_wconf 86' lang='lat' dir='ltr'>caducissumiuls,</span> <span class='ocrx_word' id='word_1_148' title='bbox 1310 1403 1408 1448; x_wconf 80' lang='lat' dir='ltr'>mutum</span> <span class='ocrx_word' id='word_1_149' title='bbox 1426 1395 1709 1451; x_wconf 79' lang='lat' dir='ltr'>socumriccsminus</span> <span class='ocrx_word' id='word_1_150' title='bbox 1734 1396 1833 1450; x_wconf 84' lang='lat' dir='ltr'>intelli·</span> 
     </span>
     <span class='ocr_line' id='line_1_13' title="bbox 202 1485 1833 1566; baseline -0.002 -18"><span class='ocrx_word' id='word_1_151' title='bbox 202 1498 253 1566; x_wconf 88' lang='lat' dir='ltr'>que</span> <span class='ocrx_word' id='word_1_152' title='bbox 273 1508 322 1563; x_wconf 91' lang='lat' dir='ltr'>per</span> <span class='ocrx_word' id='word_1_153' title='bbox 338 1492 462 1562; x_wconf 88' lang='lat' dir='ltr'>scopulos</span> <span class='ocrx_word' id='word_1_154' title='bbox 476 1489 653 1563; x_wconf 81' lang='lat' dir='ltr'>AEthiopicos,</span> <span class='ocrx_word' id='word_1_155' title='bbox 674 1501 702 1548; x_wconf 93' lang='lat' dir='ltr'>et</span> <span class='ocrx_word' id='word_1_156' title='bbox 722 1493 835 1565; x_wconf 89' lang='lat' dir='ltr'>abrupta</span> <span class='ocrx_word' id='word_1_157' title='bbox 855 1509 990 1565; x_wconf 84' lang='lat' dir='ltr'>purpurea</span> <span class='ocrx_word' id='word_1_158' title='bbox 1041 1491 1159 1562; x_wconf 77' lang='lat' dir='ltr'>guntur,</span> <span class='ocrx_word' id='word_1_159' title='bbox 1180 1488 1206 1542; x_wconf 93' lang='lat' dir='ltr'>in</span> <span class='ocrx_word' id='word_1_160' title='bbox 1217 1501 1311 1543; x_wconf 85' lang='lat' dir='ltr'>aurem</span> <span class='ocrx_word' id='word_1_161' title='bbox 1324 1486 1374 1541; x_wconf 85' lang='lat' dir='ltr'>sibi</span> <span class='ocrx_word' id='word_1_162' title='bbox 1391 1487 1503 1556; x_wconf 84' lang='lat' dir='ltr'>populus</span> <span class='ocrx_word' id='word_1_163' title='bbox 1512 1485 1713 1543; x_wconf 76' lang='lat' dir='ltr'>confabulatur:</span> <span class='ocrx_word' id='word_1_164' title='bbox 1734 1490 1771 1542; x_wconf 88' lang='lat' dir='ltr'>ita</span> <span class='ocrx_word' id='word_1_165' title='bbox 1788 1504 1833 1544; x_wconf 88' lang='lat' dir='ltr'>so-</span> 
     </span>
     <span class='ocr_line' id='line_1_14' title="bbox 203 1581 1833 1656; baseline -0.001 -17"><span class='ocrx_word' id='word_1_166' title='bbox 203 1584 319 1654; x_wconf 89' lang='lat' dir='ltr'>genuino</span> <span class='ocrx_word' id='word_1_167' title='bbox 333 1581 419 1638; x_wconf 83' lang='lat' dir='ltr'>lucata</span> <span class='ocrx_word' id='word_1_168' title='bbox 433 1581 586 1654; x_wconf 90' lang='lat' dir='ltr'>conchylio,</span> <span class='ocrx_word' id='word_1_169' title='bbox 608 1595 729 1653; x_wconf 87' lang='lat' dir='ltr'>sparsum</span> <span class='ocrx_word' id='word_1_170' title='bbox 746 1584 812 1638; x_wconf 91' lang='lat' dir='ltr'>mihi</span> <span class='ocrx_word' id='word_1_171' title='bbox 828 1598 891 1639; x_wconf 88' lang='lat' dir='ltr'>saxa</span> <span class='ocrx_word' id='word_1_172' title='bbox 908 1584 991 1641; x_wconf 87' lang='lat' dir='ltr'>lursu-</span> <span class='ocrx_word' id='word_1_173' title='bbox 1042 1585 1100 1643; x_wconf 90' lang='lat' dir='ltr'>nitu</span> <span class='ocrx_word' id='word_1_174' title='bbox 1112 1597 1219 1656; x_wconf 85' lang='lat' dir='ltr'>pressus</span> <span class='ocrx_word' id='word_1_175' title='bbox 1232 1584 1320 1639; x_wconf 91' lang='lat' dir='ltr'>alieno</span> <span class='ocrx_word' id='word_1_176' title='bbox 1335 1582 1478 1638; x_wconf 92' lang='lat' dir='ltr'>ridiculum</span> <span class='ocrx_word' id='word_1_177' title='bbox 1491 1583 1598 1638; x_wconf 88' lang='lat' dir='ltr'>allectat</span> <span class='ocrx_word' id='word_1_178' title='bbox 1612 1582 1733 1653; x_wconf 86' lang='lat' dir='ltr'>publicus</span> <span class='ocrx_word' id='word_1_179' title='bbox 1740 1598 1833 1639; x_wconf 74' lang='lat' dir='ltr'>sermo</span> 
     </span>
     <span class='ocr_line' id='line_1_15' title="bbox 203 1672 1832 1746; baseline -0.002 -14"><span class='ocrx_word' id='word_1_180' title='bbox 203 1692 260 1732; x_wconf 88' lang='lat' dir='ltr'>rcm</span> <span class='ocrx_word' id='word_1_181' title='bbox 279 1675 454 1731; x_wconf 90' lang='lat' dir='ltr'>mentiuntur.</span> <span class='ocrx_word' id='word_1_182' title='bbox 474 1672 527 1729; x_wconf 83' lang='lat' dir='ltr'>Sed</span> <span class='ocrx_word' id='word_1_183' title='bbox 554 1673 605 1729; x_wconf 89' lang='lat' dir='ltr'>etsi</span> <span class='ocrx_word' id='word_1_184' title='bbox 622 1673 695 1731; x_wconf 90' lang='lat' dir='ltr'>nullu</span> <span class='ocrx_word' id='word_1_185' title='bbox 713 1675 912 1745; x_wconf 86' lang='lat' dir='ltr'>peregrinarum</span> <span class='ocrx_word' id='word_1_186' title='bbox 927 1691 990 1733; x_wconf 85' lang='lat' dir='ltr'>cau·</span> <span class='ocrx_word' id='word_1_187' title='bbox 1042 1686 1186 1733; x_wconf 91' lang='lat' dir='ltr'>secrctum.</span> <span class='ocrx_word' id='word_1_188' title='bbox 1202 1675 1270 1731; x_wconf 88' lang='lat' dir='ltr'>ilinc</span> <span class='ocrx_word' id='word_1_189' title='bbox 1284 1675 1400 1746; x_wconf 74' lang='lat' dir='ltr'>egressis</span> <span class='ocrx_word' id='word_1_190' title='bbox 1413 1675 1486 1730; x_wconf 82' lang='lat' dir='ltr'>lintis</span> <span class='ocrx_word' id='word_1_191' title='bbox 1500 1674 1610 1731; x_wconf 92' lang='lat' dir='ltr'>triclinii</span> <span class='ocrx_word' id='word_1_192' title='bbox 1622 1677 1780 1732; x_wconf 87' lang='lat' dir='ltr'>matronalis</span> <span class='ocrx_word' id='word_1_193' title='bbox 1791 1676 1832 1729; x_wconf 88' lang='lat' dir='ltr'>nl-</span> 
     </span>
     <span class='ocr_line' id='line_1_16' title="bbox 204 1759 1833 1839; baseline -0.001 -15"><span class='ocrx_word' id='word_1_194' title='bbox 204 1770 268 1824; x_wconf 95' lang='lat' dir='ltr'>tlum</span> <span class='ocrx_word' id='word_1_195' title='bbox 284 1769 373 1839; x_wconf 87' lang='lat' dir='ltr'>rigore</span> <span class='ocrx_word' id='word_1_196' title='bbox 386 1767 512 1833; x_wconf 88' lang='lat' dir='ltr'>ditamur,</span> <span class='ocrx_word' id='word_1_197' title='bbox 527 1759 627 1821; x_wconf 85' lang='lat' dir='ltr'>habent</span> <span class='ocrx_word' id='word_1_198' title='bbox 648 1774 736 1821; x_wconf 90' lang='lat' dir='ltr'>tamen</span> <span class='ocrx_word' id='word_1_199' title='bbox 752 1768 855 1837; x_wconf 85' lang='lat' dir='ltr'>tuguria</span> <span class='ocrx_word' id='word_1_200' title='bbox 870 1783 918 1823; x_wconf 91' lang='lat' dir='ltr'>seu</span> <span class='ocrx_word' id='word_1_201' title='bbox 933 1784 990 1825; x_wconf 90' lang='lat' dir='ltr'>ma·</span> <span class='ocrx_word' id='word_1_202' title='bbox 1043 1766 1147 1835; x_wconf 81' lang='lat' dir='ltr'>lentur3</span> <span class='ocrx_word' id='word_1_203' title='bbox 1170 1768 1211 1825; x_wconf 91' lang='lat' dir='ltr'>cui</span> <span class='ocrx_word' id='word_1_204' title='bbox 1226 1769 1397 1835; x_wconf 83' lang='lat' dir='ltr'>continuatur</span> <span class='ocrx_word' id='word_1_205' title='bbox 1413 1767 1547 1822; x_wconf 76' lang='lat' dir='ltr'>vicinante</span> <span class='ocrx_word' id='word_1_206' title='bbox 1569 1767 1684 1822; x_wconf 89' lang='lat' dir='ltr'>textrino</span> <span class='ocrx_word' id='word_1_207' title='bbox 1697 1768 1767 1823; x_wconf 86' lang='lat' dir='ltr'>cella</span> <span class='ocrx_word' id='word_1_208' title='bbox 1787 1783 1833 1837; x_wconf 91' lang='lat' dir='ltr'>pe·</span> 
     </span>
     <span class='ocr_line' id='line_1_17' title="bbox 204 1855 1833 1932; baseline -0.001 -17"><span class='ocrx_word' id='word_1_209' title='bbox 204 1860 272 1932; x_wconf 89' lang='lat' dir='ltr'>palia</span> <span class='ocrx_word' id='word_1_210' title='bbox 287 1869 377 1915; x_wconf 85' lang='lat' dir='ltr'>nostra</span> <span class='ocrx_word' id='word_1_211' title='bbox 391 1858 504 1914; x_wconf 84' lang='lat' dir='ltr'>ciricum</span> <span class='ocrx_word' id='word_1_212' title='bbox 519 1856 612 1928; x_wconf 86' lang='lat' dir='ltr'>lrlgus.</span> <span class='ocrx_word' id='word_1_213' title='bbox 629 1855 695 1923; x_wconf 83' lang='lat' dir='ltr'>Quin</span> <span class='ocrx_word' id='word_1_214' title='bbox 713 1857 800 1927; x_wconf 91' lang='lat' dir='ltr'>potius</span> <span class='ocrx_word' id='word_1_215' title='bbox 813 1856 877 1930; x_wconf 91' lang='lat' dir='ltr'>quid</span> <span class='ocrx_word' id='word_1_216' title='bbox 891 1858 988 1916; x_wconf 84' lang='lat' dir='ltr'>habea·</span> <span class='ocrx_word' id='word_1_217' title='bbox 1007 1861 1156 1931; x_wconf 74' lang='lat' dir='ltr'>flnuaria,</span> <span class='ocrx_word' id='word_1_218' title='bbox 1181 1859 1363 1916; x_wconf 86' lang='lat' dir='ltr'>discriminata</span> <span class='ocrx_word' id='word_1_219' title='bbox 1379 1867 1481 1915; x_wconf 92' lang='lat' dir='ltr'>tantum</span> <span class='ocrx_word' id='word_1_220' title='bbox 1502 1858 1603 1927; x_wconf 86' lang='lat' dir='ltr'>parietc</span> <span class='ocrx_word' id='word_1_221' title='bbox 1626 1858 1769 1917; x_wconf 81' lang='lat' dir='ltr'>castrensi.</span> <span class='ocrx_word' id='word_1_222' title='bbox 1791 1859 1833 1913; x_wconf 80' lang='lat' dir='ltr'>Ab</span> 
     </span>
     <span class='ocr_line' id='line_1_18' title="bbox 204 1947 1833 2022; baseline -0.002 -14"><span class='ocrx_word' id='word_1_223' title='bbox 204 1967 263 2008; x_wconf 90' lang='lat' dir='ltr'>mus</span> <span class='ocrx_word' id='word_1_224' title='bbox 277 1965 357 2021; x_wconf 91' lang='lat' dir='ltr'>quam</span> <span class='ocrx_word' id='word_1_225' title='bbox 371 1948 433 2021; x_wconf 91' lang='lat' dir='ltr'>quid</span> <span class='ocrx_word' id='word_1_226' title='bbox 452 1963 505 2003; x_wconf 90' lang='lat' dir='ltr'>non</span> <span class='ocrx_word' id='word_1_227' title='bbox 521 1947 667 2004; x_wconf 88' lang='lat' dir='ltr'>habeamus</span> <span class='ocrx_word' id='word_1_228' title='bbox 692 1948 822 2004; x_wconf 86' lang='lat' dir='ltr'>ausculta.</span> <span class='ocrx_word' id='word_1_229' title='bbox 848 1949 916 2006; x_wconf 87' lang='lat' dir='ltr'>Huic</span> <span class='ocrx_word' id='word_1_230' title='bbox 945 1950 992 2004; x_wconf 90' lang='lat' dir='ltr'>hu·</span> <span class='ocrx_word' id='word_1_231' title='bbox 1043 1962 1104 2009; x_wconf 88' lang='lat' dir='ltr'>ortu</span> <span class='ocrx_word' id='word_1_232' title='bbox 1115 1953 1201 2009; x_wconf 90' lang='lat' dir='ltr'>lacum</span> <span class='ocrx_word' id='word_1_233' title='bbox 1213 1952 1332 2022; x_wconf 89' lang='lat' dir='ltr'>porticus</span> <span class='ocrx_word' id='word_1_234' title='bbox 1345 1951 1475 2016; x_wconf 84' lang='lat' dir='ltr'>intuatur,</span> <span class='ocrx_word' id='word_1_235' title='bbox 1487 1951 1571 2020; x_wconf 89' lang='lat' dir='ltr'>magis</span> <span class='ocrx_word' id='word_1_236' title='bbox 1582 1958 1595 1997; x_wconf 73' lang='grc' dir='ltr'>ι</span> <span class='ocrx_word' id='word_1_237' title='bbox 1606 1949 1757 2005; x_wconf 86' lang='lat' dir='ltr'>rotundatis</span> <span class='ocrx_word' id='word_1_238' title='bbox 1768 1950 1833 2006; x_wconf 86' lang='lat' dir='ltr'>lu&#39;ta</span> 
     </span>
     <span class='ocr_line' id='line_1_19' title="bbox 203 2037 1832 2117; baseline -0.001 -20"><span class='ocrx_word' id='word_1_239' title='bbox 203 2040 286 2098; x_wconf 74' lang='lat' dir='ltr'>silicie</span> <span class='ocrx_word' id='word_1_240' title='bbox 306 2038 438 2110; x_wconf 88' lang='lat' dir='ltr'>appendix</span> <span class='ocrx_word' id='word_1_241' title='bbox 459 2039 560 2109; x_wconf 89' lang='lat' dir='ltr'>plscina</span> <span class='ocrx_word' id='word_1_242' title='bbox 581 2037 741 2106; x_wconf 89' lang='lat' dir='ltr'>lorinsecus,</span> <span class='ocrx_word' id='word_1_243' title='bbox 767 2054 814 2096; x_wconf 89' lang='lat' dir='ltr'>seu</span> <span class='ocrx_word' id='word_1_244' title='bbox 836 2041 860 2096; x_wconf 91' lang='lat' dir='ltr'>si</span> <span class='ocrx_word' id='word_1_245' title='bbox 880 2043 991 2112; x_wconf 79' lang='lat' dir='ltr'>graecari</span> <span class='ocrx_word' id='word_1_246' title='bbox 1043 2041 1203 2117; x_wconf 80' lang='lat' dir='ltr'>hcollyriis,</span> <span class='ocrx_word' id='word_1_247' title='bbox 1226 2059 1304 2114; x_wconf 87' lang='lat' dir='ltr'>quam</span> <span class='ocrx_word' id='word_1_248' title='bbox 1323 2044 1330 2081; x_wconf 84' lang='lat'><strong>¹</strong></span> <span class='ocrx_word' id='word_1_249' title='bbox 1348 2043 1480 2099; x_wconf 90' lang='lat' dir='ltr'>columnis</span> <span class='ocrx_word' id='word_1_250' title='bbox 1495 2041 1625 2098; x_wconf 83' lang='lat' dir='ltr'>invidiosa</span> <span class='ocrx_word' id='word_1_251' title='bbox 1640 2042 1832 2099; x_wconf 75' lang='lat' dir='ltr'>monubilibus.</span> 
     </span>
     <span class='ocr_line' id='line_1_20' title="bbox 204 2129 1832 2208; baseline 0.001 -20"><span class='ocrx_word' id='word_1_252' title='bbox 204 2133 304 2200; x_wconf 88' lang='lat' dir='ltr'>maris,</span> <span class='ocrx_word' id='word_1_253' title='bbox 328 2129 512 2200; x_wconf 83' lang='lat' dir='ltr'>baptisterium</span> <span class='ocrx_word' id='word_1_254' title='bbox 533 2130 566 2184; x_wconf 94' lang='lat' dir='ltr'>ab</span> <span class='ocrx_word' id='word_1_255' title='bbox 584 2129 693 2186; x_wconf 81' lang='lat' dir='ltr'>Oriente</span> <span class='ocrx_word' id='word_1_256' title='bbox 714 2131 895 2199; x_wconf 91' lang='lat' dir='ltr'>connectitur,</span> <span class='ocrx_word' id='word_1_257' title='bbox 920 2134 991 2202; x_wconf 91' lang='lat' dir='ltr'>quod</span> <span class='ocrx_word' id='word_1_258' title='bbox 1043 2137 1066 2193; x_wconf 82' lang='grc' dir='ltr'><strong>Α</strong></span> <span class='ocrx_word' id='word_1_259' title='bbox 1089 2145 1164 2208; x_wconf 90' lang='lat' dir='ltr'>parte</span> <span class='ocrx_word' id='word_1_260' title='bbox 1185 2137 1309 2193; x_wconf 82' lang='lat' dir='ltr'>uestibuli</span> <span class='ocrx_word' id='word_1_261' title='bbox 1330 2134 1466 2206; x_wconf 84' lang='lat' dir='ltr'>longitudo</span> <span class='ocrx_word' id='word_1_262' title='bbox 1489 2137 1496 2186; x_wconf 92' lang='lat' dir='ltr'>l</span> <span class='ocrx_word' id='word_1_263' title='bbox 1516 2142 1588 2205; x_wconf 83' lang='lat' dir='ltr'>tecta</span> <span class='ocrx_word' id='word_1_264' title='bbox 1610 2134 1723 2191; x_wconf 85' lang='lat' dir='ltr'>interius</span> <span class='ocrx_word' id='word_1_265' title='bbox 1741 2144 1832 2205; x_wconf 89' lang='lat' dir='ltr'>patet,</span> 
     </span>
     <span class='ocr_line' id='line_1_21' title="bbox 202 2215 1833 2301; baseline 0.002 -22"><span class='ocrx_word' id='word_1_266' title='bbox 202 2223 294 2295; x_wconf 81' lang='lat' dir='ltr'>viginti</span> <span class='ocrx_word' id='word_1_267' title='bbox 313 2220 420 2278; x_wconf 90' lang='lat' dir='ltr'>circiter</span> <span class='ocrx_word' id='word_1_268' title='bbox 435 2219 582 2276; x_wconf 90' lang='lat' dir='ltr'>modiorum</span> <span class='ocrx_word' id='word_1_269' title='bbox 605 2220 688 2276; x_wconf 88' lang='lat' dir='ltr'>nrillia</span> <span class='ocrx_word' id='word_1_270' title='bbox 706 2221 786 2292; x_wconf 85' lang='lat' dir='ltr'>capit.</span> <span class='ocrx_word' id='word_1_271' title='bbox 810 2223 868 2280; x_wconf 92' lang='lat' dir='ltr'>lluc</span> <span class='ocrx_word' id='word_1_272' title='bbox 882 2224 960 2280; x_wconf 89' lang='lat' dir='ltr'>elutis</span> <span class='ocrx_word' id='word_1_273' title='bbox 977 2240 993 2281; x_wconf 90' lang='lat' dir='ltr'>c</span> <span class='ocrx_word' id='word_1_274' title='bbox 1044 2229 1139 2288; x_wconf 90' lang='lat' dir='ltr'>mediis</span> <span class='ocrx_word' id='word_1_275' title='bbox 1153 2246 1206 2287; x_wconf 91' lang='lat' dir='ltr'>non</span> <span class='ocrx_word' id='word_1_276' title='bbox 1228 2229 1394 2300; x_wconf 88' lang='lat' dir='ltr'>interpellata</span> <span class='ocrx_word' id='word_1_277' title='bbox 1416 2215 1590 2299; x_wconf 83' lang='lat' dir='ltr'>parietibus&#39;:</span> <span class='ocrx_word' id='word_1_278' title='bbox 1606 2244 1666 2301; x_wconf 78' lang='lat' dir='ltr'>quae</span> <span class='ocrx_word' id='word_1_279' title='bbox 1688 2228 1751 2299; x_wconf 89' lang='lat' dir='ltr'>quia</span> <span class='ocrx_word' id='word_1_280' title='bbox 1767 2227 1833 2283; x_wconf 89' lang='lat' dir='ltr'>nihil</span> 
     </span>
     <span class='ocr_line' id='line_1_22' title="bbox 203 2306 1833 2395; baseline 0.002 -22"><span class='ocrx_word' id='word_1_281' title='bbox 203 2317 291 2374; x_wconf 85' lang='lat' dir='ltr'>calore</span> <span class='ocrx_word' id='word_1_282' title='bbox 308 2313 476 2372; x_wconf 83' lang='lat' dir='ltr'>venientibus</span> <span class='ocrx_word' id='word_1_283' title='bbox 496 2313 592 2384; x_wconf 85' lang='lat' dir='ltr'>triplex</span> <span class='ocrx_word' id='word_1_284' title='bbox 614 2314 694 2370; x_wconf 91' lang='lat' dir='ltr'>medii</span> <span class='ocrx_word' id='word_1_285' title='bbox 710 2316 820 2385; x_wconf 87' lang='lat' dir='ltr'>parietis</span> <span class='ocrx_word' id='word_1_286' title='bbox 843 2317 930 2375; x_wconf 90' lang='lat' dir='ltr'>aditus</span> <span class='ocrx_word' id='word_1_287' title='bbox 945 2334 992 2389; x_wconf 90' lang='lat' dir='ltr'>per</span> <span class='ocrx_word' id='word_1_288' title='bbox 1043 2306 1102 2395; x_wconf 66' lang='lat' dir='ltr'>ipsa</span> <span class='ocrx_word' id='word_1_289' title='bbox 1117 2330 1281 2394; x_wconf 87' lang='lat' dir='ltr'>prospectat,</span> <span class='ocrx_word' id='word_1_290' title='bbox 1294 2320 1347 2380; x_wconf 78' lang='lat' dir='ltr'>ctk</span> <span class='ocrx_word' id='word_1_291' title='bbox 1364 2322 1387 2377; x_wconf 92' lang='lat' dir='ltr'>si</span> <span class='ocrx_word' id='word_1_292' title='bbox 1398 2336 1451 2378; x_wconf 92' lang='lat' dir='ltr'>non</span> <span class='ocrx_word' id='word_1_293' title='bbox 1464 2320 1658 2394; x_wconf 84' lang='lat' dir='ltr'>hypodromus,</span> <span class='ocrx_word' id='word_1_294' title='bbox 1670 2320 1759 2378; x_wconf 86' lang='lat' dir='ltr'>salum</span> <span class='ocrx_word' id='word_1_295' title='bbox 1773 2335 1833 2391; x_wconf 86' lang='lat' dir='ltr'>cry·</span> 
     </span>
    </p>
   </div>
   <div class='ocr_carea' id='block_1_6' title="bbox 155 2491 1842 5588">
    <p class='ocr_par' dir='ltr' id='par_1_6' title="bbox 155 2491 1842 5588">
     <span class='ocr_line' id='line_1_23' title="bbox 204 2491 1833 2572; baseline -0.001 -19"><span class='ocrx_word' id='word_1_296' title='bbox 204 2497 259 2554; x_wconf 86' lang='lat' dir='ltr'>risu</span> <span class='ocrx_word' id='word_1_297' title='bbox 274 2494 382 2561; x_wconf 89' lang='lat' dir='ltr'>mortui,</span> <span class='ocrx_word' id='word_1_298' title='bbox 398 2503 429 2549; x_wconf 91' lang='lat' dir='ltr'>ut</span> <span class='ocrx_word' id='word_1_299' title='bbox 445 2491 528 2550; x_wconf 79' lang='lat' dir='ltr'>relect</span> <span class='ocrx_word' id='word_1_300' title='bbox 541 2491 646 2548; x_wconf 86' lang='lat' dir='ltr'>Suldas.</span> <span class='ocrx_word' id='word_1_301' title='bbox 663 2493 792 2548; x_wconf 82' lang='lat' dir='ltr'>Eusebius</span> <span class='ocrx_word' id='word_1_302' title='bbox 814 2494 840 2548; x_wconf 92' lang='lat' dir='ltr'>in</span> <span class='ocrx_word' id='word_1_303' title='bbox 857 2493 989 2552; x_wconf 77' lang='lat' dir='ltr'>Chronico</span> <span class='ocrx_word' id='word_1_304' title='bbox 1042 2513 1057 2553; x_wconf 94' lang='lat' dir='ltr'>e</span> <span class='ocrx_word' id='word_1_305' title='bbox 1071 2496 1234 2554; x_wconf 88' lang='lat' dir='ltr'>Callimacho</span> <span class='ocrx_word' id='word_1_306' title='bbox 1247 2498 1330 2558; x_wconf 76' lang='lat' dir='ltr'>nolim</span> <span class='ocrx_word' id='word_1_307' title='bbox 1350 2498 1504 2569; x_wconf 78' lang='grc' dir='ltr'><strong>κεκαμμένην</strong></span> <span class='ocrx_word' id='word_1_308' title='bbox 1519 2495 1534 2556; x_wconf 80' lang='lat' dir='ltr'>ri</span> <span class='ocrx_word' id='word_1_309' title='bbox 1553 2517 1616 2572; x_wconf 73' lang='lat' dir='ltr'>erpo</span> <span class='ocrx_word' id='word_1_310' title='bbox 1653 2495 1731 2556; x_wconf 77' lang='lat' dir='ltr'>iles:</span> <span class='ocrx_word' id='word_1_311' title='bbox 1749 2505 1777 2551; x_wconf 87' lang='lat' dir='ltr'>et</span> <span class='ocrx_word' id='word_1_312' title='bbox 1789 2518 1833 2552; x_wconf 74' lang='grc' dir='ltr'>κο·</span> 
     </span>
     <span class='ocr_line' id='line_1_24' title="bbox 205 2563 1834 2647; baseline -0.001 -23"><span class='ocrx_word' id='word_1_313' title='bbox 205 2566 388 2633; x_wconf 81' lang='lat' dir='ltr'>subliberio,</span> <span class='ocrx_word' id='word_1_314' title='bbox 410 2563 531 2620; x_wconf 73' lang='lat' dir='ltr'>claustro</span> <span class='ocrx_word' id='word_1_315' title='bbox 553 2563 746 2633; x_wconf 78' lang='lat' dir='ltr'>tuimogrupltux</span> <span class='ocrx_word' id='word_1_316' title='bbox 766 2564 869 2619; x_wconf 72' lang='lat' dir='ltr'>amiam</span> <span class='ocrx_word' id='word_1_317' title='bbox 883 2565 992 2637; x_wconf 77' lang='lat' dir='ltr'>lloqru·</span> <span class='ocrx_word' id='word_1_318' title='bbox 1043 2570 1145 2647; x_wconf 74' lang='lat' dir='ltr'>lespiam</span> <span class='ocrx_word' id='word_1_319' title='bbox 1171 2569 1319 2640; x_wconf 88' lang='lat' dir='ltr'>llesychius</span> <span class='ocrx_word' id='word_1_320' title='bbox 1341 2571 1491 2639; x_wconf 71' lang='grc' dir='ltr'><strong>ἀποτομίαν.</strong></span> <span class='ocrx_word' id='word_1_321' title='bbox 1519 2567 1568 2622; x_wconf 80' lang='lat' dir='ltr'>Par</span> <span class='ocrx_word' id='word_1_322' title='bbox 1595 2568 1706 2637; x_wconf 90' lang='lat' dir='ltr'>piarum</span> <span class='ocrx_word' id='word_1_323' title='bbox 1728 2567 1834 2622; x_wconf 90' lang='lat' dir='ltr'>colum-</span> 
     </span>
     <span class='ocr_line' id='line_1_25' title="bbox 206 2633 1833 2710; baseline 0.001 -17"><span class='ocrx_word' id='word_1_324' title='bbox 206 2639 304 2702; x_wconf 79' lang='lat' dir='ltr'>atinus,</span> <span class='ocrx_word' id='word_1_325' title='bbox 318 2637 406 2693; x_wconf 82' lang='lat' dir='ltr'>liontoe</span> <span class='ocrx_word' id='word_1_326' title='bbox 419 2634 504 2690; x_wconf 84' lang='lat' dir='ltr'>claros</span> <span class='ocrx_word' id='word_1_327' title='bbox 525 2633 639 2691; x_wconf 83' lang='lat' dir='ltr'>habetur.</span> <span class='ocrx_word' id='word_1_328' title='bbox 661 2634 800 2691; x_wconf 85' lang='lat' dir='ltr'>hlinmrum</span> <span class='ocrx_word' id='word_1_329' title='bbox 822 2635 991 2692; x_wconf 81' lang='lat' dir='ltr'>inventorem</span> <span class='ocrx_word' id='word_1_330' title='bbox 1043 2654 1207 2710; x_wconf 90' lang='lat' dir='ltr'>uarumque,</span> <span class='ocrx_word' id='word_1_331' title='bbox 1229 2639 1276 2697; x_wconf 89' lang='lat' dir='ltr'>sed</span> <span class='ocrx_word' id='word_1_332' title='bbox 1296 2637 1425 2695; x_wconf 87' lang='lat' dir='ltr'>cuhrersa</span> <span class='ocrx_word' id='word_1_333' title='bbox 1447 2637 1587 2694; x_wconf 82' lang='lat' dir='ltr'>antithesis</span> <span class='ocrx_word' id='word_1_334' title='bbox 1609 2637 1696 2694; x_wconf 78' lang='lat' dir='ltr'>Natali</span> <span class='ocrx_word' id='word_1_335' title='bbox 1713 2638 1748 2693; x_wconf 86' lang='lat' dir='ltr'>lo</span> <span class='ocrx_word' id='word_1_336' title='bbox 1762 2638 1833 2695; x_wconf 77' lang='lat' dir='ltr'>Pau·</span> 
     </span>
     <span class='ocr_line' id='line_1_26' title="bbox 207 2703 1509 2775; baseline 0 -13"><span class='ocrx_word' id='word_1_337' title='bbox 207 2704 448 2766; x_wconf 78' lang='lat' dir='ltr'>lacitllassindnrus</span> <span class='ocrx_word' id='word_1_338' title='bbox 460 2705 506 2760; x_wconf 91' lang='lat' dir='ltr'>lih.</span> <span class='ocrx_word' id='word_1_339' title='bbox 515 2719 557 2758; x_wconf 88' lang='grc' dir='ltr'>ιιι</span> <span class='ocrx_word' id='word_1_340' title='bbox 567 2703 705 2760; x_wconf 83' lang='lat' dir='ltr'>Variarum</span> <span class='ocrx_word' id='word_1_341' title='bbox 717 2705 819 2760; x_wconf 87' lang='lat' dir='ltr'>ultima.</span> <span class='ocrx_word' id='word_1_342' title='bbox 830 2705 993 2775; x_wconf 84' lang='lat' dir='ltr'>Epiphanius</span> <span class='ocrx_word' id='word_1_343' title='bbox 1044 2711 1091 2767; x_wconf 87' lang='lat' dir='ltr'>lini</span> <span class='ocrx_word' id='word_1_344' title='bbox 1105 2727 1113 2767; x_wconf 80' lang='grc' dir='ltr'>ι</span> <span class='ocrx_word' id='word_1_345' title='bbox 1506 2758 1509 2763; x_wconf 77' lang='grc'><strong><em>,</em></strong></span> 
     </span>
     <span class='ocr_line' id='line_1_27' title="bbox 206 2770 1711 2865; baseline -0.001 -33"><span class='ocrx_word' id='word_1_346' title='bbox 206 2778 241 2832; x_wconf 82' lang='lat' dir='ltr'>tle</span> <span class='ocrx_word' id='word_1_347' title='bbox 253 2776 404 2832; x_wconf 80' lang='lat' dir='ltr'>Manichaels</span> <span class='ocrx_word' id='word_1_348' title='bbox 417 2792 424 2830; x_wconf 90' lang='lat'><strong>:</strong></span> <span class='ocrx_word' id='word_1_349' title='bbox 436 2777 473 2831; x_wconf 78' lang='lat' dir='ltr'>Tei</span> <span class='ocrx_word' id='word_1_350' title='bbox 486 2774 513 2831; x_wconf 83' lang='lat' dir='ltr'>ll</span> <span class='ocrx_word' id='word_1_351' title='bbox 525 2772 587 2830; x_wconf 72' lang='lat' dir='ltr'>cille</span> <span class='ocrx_word' id='word_1_352' title='bbox 602 2777 682 2830; x_wconf 73' lang='grc' dir='ltr'><strong><em>εἰπεῖν</em></strong></span> <span class='ocrx_word' id='word_1_353' title='bbox 694 2781 733 2836; x_wconf 80' lang='grc' dir='ltr'>τίς</span> <span class='ocrx_word' id='word_1_354' title='bbox 747 2778 790 2830; x_wconf 83' lang='grc' dir='ltr'>οὐκ</span> <span class='ocrx_word' id='word_1_355' title='bbox 805 2770 836 2831; x_wconf 77' lang='grc' dir='ltr'>ἂν</span> <span class='ocrx_word' id='word_1_356' title='bbox 848 2777 989 2850; x_wconf 68' lang='lat' dir='ltr'>piliacense,</span> <span class='ocrx_word' id='word_1_357' title='bbox 1103 2801 1164 2852; x_wconf 62' lang='lat' dir='ltr'>Nam</span> <span class='ocrx_word' id='word_1_358' title='bbox 1175 2806 1294 2852; x_wconf 56' lang='lat' dir='ltr'>,meram</span> <span class='ocrx_word' id='word_1_359' title='bbox 1303 2808 1370 2850; x_wconf 62' lang='lat' dir='ltr'>„spo</span> <span class='ocrx_word' id='word_1_360' title='bbox 1379 2782 1551 2851; x_wconf 56' lang='lat' dir='ltr'>degon&#39;nqbu„</span> <span class='ocrx_word' id='word_1_361' title='bbox 1594 2801 1635 2850; x_wconf 77' lang='lat' dir='ltr'>&#39;tle</span> <span class='ocrx_word' id='word_1_362' title='bbox 1645 2798 1711 2865; x_wconf 49' lang='grc' dir='ltr'><em>Μ</em></span> 
     </span>
     <span class='ocr_line' id='line_1_28' title="bbox 207 2841 1709 2931; baseline 0.001 -21"><span class='ocrx_word' id='word_1_363' title='bbox 207 2851 241 2910; x_wconf 73' lang='lat' dir='ltr'>dc</span> <span class='ocrx_word' id='word_1_364' title='bbox 254 2850 328 2920; x_wconf 80' lang='grc' dir='ltr'>τάχα</span> <span class='ocrx_word' id='word_1_365' title='bbox 342 2848 375 2904; x_wconf 81' lang='grc' dir='ltr'>τὰ</span> <span class='ocrx_word' id='word_1_366' title='bbox 391 2855 437 2901; x_wconf 82' lang='grc' dir='ltr'>τοῦ</span> <span class='ocrx_word' id='word_1_367' title='bbox 456 2847 616 2931; x_wconf 63' lang='grc' dir='ltr'>Φιλιστίωνος</span> <span class='ocrx_word' id='word_1_368' title='bbox 634 2841 695 2927; x_wconf 70' lang='lat' dir='ltr'>that</span> <span class='ocrx_word' id='word_1_369' title='bbox 709 2849 903 2929; x_wconf 62' lang='lat' dir='ltr'>moysaicam«.</span> <span class='ocrx_word' id='word_1_370' title='bbox 924 2848 940 2908; x_wconf 79' lang='lat' dir='ltr'>l</span> <span class='ocrx_word' id='word_1_371' title='bbox 958 2852 991 2904; x_wconf 81' lang='grc' dir='ltr'>τὰ</span> <span class='ocrx_word' id='word_1_372' title='bbox 1106 2863 1174 2913; x_wconf 90' lang='lat' dir='ltr'>Nunc</span> <span class='ocrx_word' id='word_1_373' title='bbox 1182 2863 1286 2914; x_wconf 86' lang='lat' dir='ltr'>meliore</span> <span class='ocrx_word' id='word_1_374' title='bbox 1294 2863 1358 2913; x_wconf 87' lang='lat' dir='ltr'>datis</span> <span class='ocrx_word' id='word_1_375' title='bbox 1367 2862 1518 2912; x_wconf 87' lang='lat' dir='ltr'>eademrice</span> <span class='ocrx_word' id='word_1_376' title='bbox 1525 2861 1549 2913; x_wconf 89' lang='lat' dir='ltr'>lu</span> <span class='ocrx_word' id='word_1_377' title='bbox 1561 2870 1584 2912; x_wconf 89' lang='lat' dir='ltr'>ta</span> <span class='ocrx_word' id='word_1_378' title='bbox 1591 2860 1709 2913; x_wconf 86' lang='lat' dir='ltr'>columnis</span> 
     </span>
     <span class='ocr_line' id='line_1_29' title="bbox 207 2919 1661 2991; baseline -0.001 -15"><span class='ocrx_word' id='word_1_379' title='bbox 207 2923 296 2976; x_wconf 73' lang='lat' dir='ltr'>rodam</span> <span class='ocrx_word' id='word_1_380' title='bbox 311 2919 472 2991; x_wconf 72' lang='grc' dir='ltr'><strong>μυθολογίας.</strong></span> <span class='ocrx_word' id='word_1_381' title='bbox 487 2919 583 2971; x_wconf 55' lang='lat' dir='ltr'>(aalma</span> <span class='ocrx_word' id='word_1_382' title='bbox 593 2932 649 2972; x_wconf 76' lang='lat' dir='ltr'>mne</span> <span class='ocrx_word' id='word_1_383' title='bbox 658 2932 712 2971; x_wconf 82' lang='lat' dir='ltr'>risu</span> <span class='ocrx_word' id='word_1_384' title='bbox 723 2933 781 2989; x_wconf 73' lang='grc' dir='ltr'>ιιι</span> <span class='ocrx_word' id='word_1_385' title='bbox 798 2920 993 2973; x_wconf 80' lang='lat' dir='ltr'>commemoret?</span> <span class='ocrx_word' id='word_1_386' title='bbox 1105 2925 1135 2977; x_wconf 80' lang='lat' dir='ltr'>lit</span> <span class='ocrx_word' id='word_1_387' title='bbox 1145 2927 1216 2989; x_wconf 85' lang='lat' dir='ltr'>spatii</span> <span class='ocrx_word' id='word_1_388' title='bbox 1226 2938 1317 2988; x_wconf 87' lang='lat' dir='ltr'>cepere</span> <span class='ocrx_word' id='word_1_389' title='bbox 1330 2931 1356 2975; x_wconf 92' lang='lat' dir='ltr'>et</span> <span class='ocrx_word' id='word_1_390' title='bbox 1366 2924 1464 2974; x_wconf 87' lang='lat' dir='ltr'>lumlnls</span> <span class='ocrx_word' id='word_1_391' title='bbox 1477 2924 1661 2975; x_wconf 85' lang='lat' dir='ltr'>lucrementum.</span> 
     </span>
     <span class='ocr_line' id='line_1_30' title="bbox 207 2987 991 3057; baseline 0 -13"><span class='ocrx_word' id='word_1_392' title='bbox 207 3005 264 3044; x_wconf 83' lang='lat' dir='ltr'>sum</span> <span class='ocrx_word' id='word_1_393' title='bbox 277 2989 452 3043; x_wconf 85' lang='lat' dir='ltr'>verisimiliora</span> <span class='ocrx_word' id='word_1_394' title='bbox 467 2987 578 3055; x_wconf 84' lang='lat' dir='ltr'>quodum</span> <span class='ocrx_word' id='word_1_395' title='bbox 595 2987 671 3041; x_wconf 82' lang='lat' dir='ltr'>moda</span> <span class='ocrx_word' id='word_1_396' title='bbox 681 2987 825 3056; x_wconf 76' lang='lat' dir='ltr'>uideantur,</span> <span class='ocrx_word' id='word_1_397' title='bbox 836 3005 892 3057; x_wconf 87' lang='lat' dir='ltr'>qutc</span> <span class='ocrx_word' id='word_1_398' title='bbox 905 2987 991 3044; x_wconf 86' lang='lat' dir='ltr'>Pltili·</span> 
     </span>
     <span class='ocr_line' id='line_1_31' title="bbox 207 3051 1232 3130; baseline -0.007 -17"><span class='ocrx_word' id='word_1_399' title='bbox 207 3061 283 3126; x_wconf 83' lang='lat' dir='ltr'>stiou,</span> <span class='ocrx_word' id='word_1_400' title='bbox 294 3075 370 3130; x_wconf 85' lang='lat' dir='ltr'>quam</span> <span class='ocrx_word' id='word_1_401' title='bbox 385 3074 441 3128; x_wconf 72' lang='grc' dir='ltr'>ιιι</span> <span class='ocrx_word' id='word_1_402' title='bbox 458 3058 499 3112; x_wconf 83' lang='lat' dir='ltr'>bie</span> <span class='ocrx_word' id='word_1_403' title='bbox 516 3057 610 3127; x_wconf 77' lang='lat' dir='ltr'>sabulis</span> <span class='ocrx_word' id='word_1_404' title='bbox 622 3059 676 3112; x_wconf 81' lang='lat' dir='ltr'>tetis</span> <span class='ocrx_word' id='word_1_405' title='bbox 690 3068 843 3113; x_wconf 81' lang='lat' dir='ltr'>commentas</span> <span class='ocrx_word' id='word_1_406' title='bbox 855 3068 902 3114; x_wconf 84' lang='lat' dir='ltr'>est.</span> <span class='ocrx_word' id='word_1_407' title='bbox 1080 3051 1093 3091; x_wconf 70' lang='lat' dir='ltr'>h</span> <span class='ocrx_word' id='word_1_408' title='bbox 1110 3051 1232 3109; x_wconf 82' lang='lat' dir='ltr'>Colrtriix.</span> 
     </span>
     <span class='ocr_line' id='line_1_32' title="bbox 243 3121 1833 3212; baseline -0.002 -27"><span class='ocrx_word' id='word_1_409' title='bbox 243 3139 256 3168; x_wconf 76' lang='lat'>⁸</span> <span class='ocrx_word' id='word_1_410' title='bbox 280 3132 363 3187; x_wconf 76' lang='grc' dir='ltr'>ιιιτωι</span> <span class='ocrx_word' id='word_1_411' title='bbox 385 3133 582 3212; x_wconf 59' lang='grc' dir='ltr'>γυμνασίαρχος</span> <span class='ocrx_word' id='word_1_412' title='bbox 606 3128 632 3182; x_wconf 92' lang='lat' dir='ltr'>in</span> <span class='ocrx_word' id='word_1_413' title='bbox 664 3143 798 3185; x_wconf 87' lang='lat' dir='ltr'>marmore</span> <span class='ocrx_word' id='word_1_414' title='bbox 816 3130 992 3186; x_wconf 78' lang='lat' dir='ltr'>Anconitann.</span> <span class='ocrx_word' id='word_1_415' title='bbox 1085 3124 1257 3195; x_wconf 81' lang='lat' dir='ltr'>iinsignibus</span> <span class='ocrx_word' id='word_1_416' title='bbox 1273 3141 1280 3178; x_wconf 90' lang='lat'>:</span> <span class='ocrx_word' id='word_1_417' title='bbox 1296 3121 1833 3205; x_wconf 81' lang='lat' dir='ltr'>qualcsadhiberlsolentiumonlmen·</span> 
     </span>
     <span class='ocr_line' id='line_1_33' title="bbox 208 3192 1835 3276; baseline -0.001 -21"><span class='ocrx_word' id='word_1_418' title='bbox 208 3199 246 3255; x_wconf 87' lang='lat' dir='ltr'>lle</span> <span class='ocrx_word' id='word_1_419' title='bbox 258 3200 333 3269; x_wconf 79' lang='lat' dir='ltr'>virga</span> <span class='ocrx_word' id='word_1_420' title='bbox 345 3209 434 3255; x_wconf 91' lang='lat' dir='ltr'>autem</span> <span class='ocrx_word' id='word_1_421' title='bbox 448 3199 557 3255; x_wconf 80' lang='lat' dir='ltr'>Seruius</span> <span class='ocrx_word' id='word_1_422' title='bbox 572 3199 599 3252; x_wconf 91' lang='lat' dir='ltr'>in</span> <span class='ocrx_word' id='word_1_423' title='bbox 612 3213 621 3251; x_wconf 89' lang='grc' dir='ltr'>ι</span> <span class='ocrx_word' id='word_1_424' title='bbox 632 3197 760 3254; x_wconf 78' lang='lat' dir='ltr'>AEneidos</span> <span class='ocrx_word' id='word_1_425' title='bbox 776 3198 928 3271; x_wconf 65' lang='lat' dir='ltr'>:licumque</span> <span class='ocrx_word' id='word_1_426' title='bbox 941 3211 994 3255; x_wconf 87' lang='lat' dir='ltr'>tarn</span> <span class='ocrx_word' id='word_1_427' title='bbox 1007 3211 1031 3276; x_wconf 71' lang='lat' dir='ltr'><strong>c</strong></span> <span class='ocrx_word' id='word_1_428' title='bbox 1045 3198 1089 3253; x_wconf 89' lang='lat' dir='ltr'>tis.</span> <span class='ocrx_word' id='word_1_429' title='bbox 1105 3195 1254 3268; x_wconf 84' lang='lat' dir='ltr'>Cyprianus</span> <span class='ocrx_word' id='word_1_430' title='bbox 1268 3195 1396 3251; x_wconf 85' lang='lat' dir='ltr'>diaeonus</span> <span class='ocrx_word' id='word_1_431' title='bbox 1409 3195 1437 3250; x_wconf 93' lang='lat' dir='ltr'>in</span> <span class='ocrx_word' id='word_1_432' title='bbox 1449 3194 1506 3249; x_wconf 89' lang='lat' dir='ltr'>Vita</span> <span class='ocrx_word' id='word_1_433' title='bbox 1522 3194 1551 3252; x_wconf 86' lang='lat' dir='ltr'>S.</span> <span class='ocrx_word' id='word_1_434' title='bbox 1566 3192 1673 3248; x_wconf 73' lang='lat' dir='ltr'>oasam</span> <span class='ocrx_word' id='word_1_435' title='bbox 1684 3194 1730 3250; x_wconf 86' lang='lat' dir='ltr'>lib.</span> <span class='ocrx_word' id='word_1_436' title='bbox 1743 3211 1765 3263; x_wconf 90' lang='lat' dir='ltr'>x,</span> <span class='ocrx_word' id='word_1_437' title='bbox 1782 3198 1835 3253; x_wconf 91' lang='lat' dir='ltr'>sub</span> 
     </span>
     <span class='ocr_line' id='line_1_34' title="bbox 208 3264 1836 3394; baseline -0.002 -69"><span class='ocrx_word' id='word_1_438' title='bbox 208 3269 374 3337; x_wconf 74' lang='lat' dir='ltr'>athletarum,</span> <span class='ocrx_word' id='word_1_439' title='bbox 390 3285 469 3394; x_wconf 56' lang='lat' dir='ltr'>guam</span> <span class='ocrx_word' id='word_1_440' title='bbox 489 3267 662 3340; x_wconf 77' lang='lat' dir='ltr'>gladiatorum</span> <span class='ocrx_word' id='word_1_441' title='bbox 683 3270 820 3323; x_wconf 84' lang='lat' dir='ltr'>certamina</span> <span class='ocrx_word' id='word_1_442' title='bbox 837 3271 908 3342; x_wconf 77' lang='lat' dir='ltr'>utrm</span> <span class='ocrx_word' id='word_1_443' title='bbox 927 3271 993 3325; x_wconf 88' lang='lat' dir='ltr'>diri·</span> <span class='ocrx_word' id='word_1_444' title='bbox 1046 3268 1144 3325; x_wconf 73' lang='lat' dir='ltr'>finem:</span> <span class='ocrx_word' id='word_1_445' title='bbox 1164 3265 1198 3319; x_wconf 81' lang='lat' dir='ltr'>Et</span> <span class='ocrx_word' id='word_1_446' title='bbox 1213 3276 1240 3321; x_wconf 82' lang='lat' dir='ltr'>ut</span> <span class='ocrx_word' id='word_1_447' title='bbox 1254 3269 1379 3337; x_wconf 70' lang='lat' dir='ltr'>conterret</span> <span class='ocrx_word' id='word_1_448' title='bbox 1392 3268 1471 3320; x_wconf 79' lang='lat' dir='ltr'>tueris</span> <span class='ocrx_word' id='word_1_449' title='bbox 1489 3264 1625 3337; x_wconf 62' lang='lat' dir='ltr'>uirginibus</span> <span class='ocrx_word' id='word_1_450' title='bbox 1638 3280 1703 3347; x_wconf 71' lang='lat' dir='ltr'>quaa</span> <span class='ocrx_word' id='word_1_451' title='bbox 1725 3282 1836 3336; x_wconf 68' lang='lat' dir='ltr'>cengre-</span> 
     </span>
     <span class='ocr_line' id='line_1_35' title="bbox 209 3335 1834 3411; baseline -0.001 -17"><span class='ocrx_word' id='word_1_452' title='bbox 209 3349 322 3396; x_wconf 83' lang='lat' dir='ltr'>muniar.</span> <span class='ocrx_word' id='word_1_453' title='bbox 354 3339 389 3395; x_wconf 87' lang='lat' dir='ltr'>Se</span> <span class='ocrx_word' id='word_1_454' title='bbox 432 3339 587 3395; x_wconf 84' lang='lat' dir='ltr'>lanistarum</span> <span class='ocrx_word' id='word_1_455' title='bbox 615 3339 705 3409; x_wconf 84' lang='lat' dir='ltr'>uirga,</span> <span class='ocrx_word' id='word_1_456' title='bbox 727 3354 778 3409; x_wconf 85' lang='lat' dir='ltr'>qua</span> <span class='ocrx_word' id='word_1_457' title='bbox 804 3339 995 3409; x_wconf 73' lang='lat' dir='ltr'>gladiatoribus</span> <span class='ocrx_word' id='word_1_458' title='bbox 1046 3346 1145 3411; x_wconf 79' lang='lat' dir='ltr'>gouer-ut</span> <span class='ocrx_word' id='word_1_459' title='bbox 1157 3352 1244 3391; x_wconf 86' lang='lat' dir='ltr'>rursm</span> <span class='ocrx_word' id='word_1_460' title='bbox 1258 3339 1425 3392; x_wconf 83' lang='lat' dir='ltr'>accessorium</span> <span class='ocrx_word' id='word_1_461' title='bbox 1439 3337 1587 3408; x_wconf 74' lang='lat' dir='ltr'>sepultura,</span> <span class='ocrx_word' id='word_1_462' title='bbox 1598 3335 1739 3392; x_wconf 81' lang='lat' dir='ltr'>monubiles</span> <span class='ocrx_word' id='word_1_463' title='bbox 1759 3356 1834 3393; x_wconf 79' lang='lat' dir='ltr'>axem</span> 
     </span>
     <span class='ocr_line' id='line_1_36' title="bbox 209 3405 1835 3482; baseline -0.002 -18"><span class='ocrx_word' id='word_1_464' title='bbox 209 3410 317 3466; x_wconf 71' lang='lat' dir='ltr'>andum</span> <span class='ocrx_word' id='word_1_465' title='bbox 336 3409 508 3475; x_wconf 77' lang='lat' dir='ltr'>adhibebant,</span> <span class='ocrx_word' id='word_1_466' title='bbox 525 3409 598 3465; x_wconf 90' lang='lat' dir='ltr'>rudis</span> <span class='ocrx_word' id='word_1_467' title='bbox 618 3410 725 3478; x_wconf 88' lang='lat' dir='ltr'>proprie</span> <span class='ocrx_word' id='word_1_468' title='bbox 739 3410 820 3465; x_wconf 90' lang='lat' dir='ltr'>dicta.</span> <span class='ocrx_word' id='word_1_469' title='bbox 834 3409 936 3466; x_wconf 77' lang='lat' dir='ltr'>Glosste</span> <span class='ocrx_word' id='word_1_470' title='bbox 951 3428 996 3466; x_wconf 84' lang='lat' dir='ltr'>ve·</span> <span class='ocrx_word' id='word_1_471' title='bbox 1046 3409 1192 3476; x_wconf 81' lang='lat' dir='ltr'>cerporibus</span> <span class='ocrx_word' id='word_1_472' title='bbox 1207 3407 1343 3462; x_wconf 83' lang='lat' dir='ltr'>humandis</span> <span class='ocrx_word' id='word_1_473' title='bbox 1360 3409 1392 3461; x_wconf 89' lang='lat' dir='ltr'>de</span> <span class='ocrx_word' id='word_1_474' title='bbox 1413 3409 1482 3461; x_wconf 80' lang='lat' dir='ltr'>susis</span> <span class='ocrx_word' id='word_1_475' title='bbox 1502 3405 1642 3479; x_wconf 79' lang='lat' dir='ltr'>ingentibus</span> <span class='ocrx_word' id='word_1_476' title='bbox 1655 3409 1752 3462; x_wconf 79' lang='lat' dir='ltr'>nouiter</span> <span class='ocrx_word' id='word_1_477' title='bbox 1773 3409 1835 3482; x_wconf 71' lang='lat' dir='ltr'>fecit</span> 
     </span>
     <span class='ocr_line' id='line_1_37' title="bbox 210 3479 1137 3555; baseline -0.008 -17"><span class='ocrx_word' id='word_1_478' title='bbox 210 3487 280 3538; x_wconf 70' lang='lat' dir='ltr'>letes</span> <span class='ocrx_word' id='word_1_479' title='bbox 294 3497 302 3536; x_wconf 77' lang='lat' dir='ltr'>t</span> <span class='ocrx_word' id='word_1_480' title='bbox 319 3480 400 3534; x_wconf 67' lang='lat' dir='ltr'>Rudis</span> <span class='ocrx_word' id='word_1_481' title='bbox 413 3479 542 3555; x_wconf 65' lang='lat' dir='ltr'>yia&#39;tiidowi</span> <span class='ocrx_word' id='word_1_482' title='bbox 556 3487 606 3535; x_wconf 76' lang='grc' dir='ltr'>τῶν</span> <span class='ocrx_word' id='word_1_483' title='bbox 614 3482 759 3537; x_wconf 71' lang='grc' dir='ltr'>ἐπιστατῶν</span> <span class='ocrx_word' id='word_1_484' title='bbox 769 3488 819 3536; x_wconf 80' lang='grc' dir='ltr'>τῶν</span> <span class='ocrx_word' id='word_1_485' title='bbox 828 3485 994 3553; x_wconf 69' lang='grc' dir='ltr'><strong>μονομάχων.</strong></span> <span class='ocrx_word' id='word_1_486' title='bbox 1046 3480 1137 3535; x_wconf 65' lang='lat' dir='ltr'>tacisti.</span> 
     </span>
     <span class='ocr_line' id='line_1_38' title="bbox 244 3548 1584 3624; baseline -0.005 -15"><span class='ocrx_word' id='word_1_487' title='bbox 244 3549 324 3624; x_wconf 74' lang='lat'>¹³27</span> <span class='ocrx_word' id='word_1_488' title='bbox 346 3550 523 3609; x_wconf 62' lang='lat' dir='ltr'>&#39;tetrasticum</span> <span class='ocrx_word' id='word_1_489' title='bbox 546 3565 606 3606; x_wconf 89' lang='lat' dir='ltr'>uem</span> <span class='ocrx_word' id='word_1_490' title='bbox 657 3550 736 3620; x_wconf 85' lang='lat' dir='ltr'>hujus</span> <span class='ocrx_word' id='word_1_491' title='bbox 758 3551 868 3620; x_wconf 79' lang='lat' dir='ltr'>piscinae</span> <span class='ocrx_word' id='word_1_492' title='bbox 893 3552 995 3607; x_wconf 87' lang='lat' dir='ltr'>loribus</span> <span class='ocrx_word' id='word_1_493' title='bbox 1083 3550 1138 3603; x_wconf 88' lang='lat' dir='ltr'>llu</span> <span class='ocrx_word' id='word_1_494' title='bbox 1152 3548 1308 3619; x_wconf 90' lang='lat' dir='ltr'>quibusdam</span> <span class='ocrx_word' id='word_1_495' title='bbox 1322 3549 1406 3614; x_wconf 87' lang='lat' dir='ltr'>libris,</span> <span class='ocrx_word' id='word_1_496' title='bbox 1422 3548 1584 3604; x_wconf 71' lang='lat' dir='ltr'>intrinsecus.</span> 
     </span>
     <span class='ocr_line' id='line_1_39' title="bbox 209 3617 1835 3693; baseline -0.002 -17"><span class='ocrx_word' id='word_1_497' title='bbox 209 3621 377 3693; x_wconf 91' lang='lat' dir='ltr'>impositum,</span> <span class='ocrx_word' id='word_1_498' title='bbox 393 3621 465 3692; x_wconf 90' lang='lat' dir='ltr'>quod</span> <span class='ocrx_word' id='word_1_499' title='bbox 484 3622 555 3677; x_wconf 87' lang='lat' dir='ltr'>iuter</span> <span class='ocrx_word' id='word_1_500' title='bbox 568 3621 596 3677; x_wconf 91' lang='lat' dir='ltr'>Si</span> <span class='ocrx_word' id='word_1_501' title='bbox 617 3620 670 3676; x_wconf 90' lang='lat' dir='ltr'>onii</span> <span class='ocrx_word' id='word_1_502' title='bbox 688 3621 806 3677; x_wconf 88' lang='lat' dir='ltr'>carmina</span> <span class='ocrx_word' id='word_1_503' title='bbox 824 3630 921 3679; x_wconf 85' lang='lat' dir='ltr'>exstat.</span> <span class='ocrx_word' id='word_1_504' title='bbox 942 3623 994 3679; x_wconf 86' lang='lat' dir='ltr'>Tit.</span> <span class='ocrx_word' id='word_1_505' title='bbox 1083 3619 1095 3658; x_wconf 68' lang='lat' dir='ltr'>k</span> <span class='ocrx_word' id='word_1_506' title='bbox 1110 3620 1190 3674; x_wconf 85' lang='lat' dir='ltr'>Certa</span> <span class='ocrx_word' id='word_1_507' title='bbox 1205 3619 1366 3682; x_wconf 80' lang='lat' dir='ltr'>emendatio,</span> <span class='ocrx_word' id='word_1_508' title='bbox 1378 3634 1456 3689; x_wconf 89' lang='lat' dir='ltr'>qnam</span> <span class='ocrx_word' id='word_1_509' title='bbox 1473 3619 1532 3673; x_wconf 90' lang='lat' dir='ltr'>lihri</span> <span class='ocrx_word' id='word_1_510' title='bbox 1546 3632 1639 3674; x_wconf 88' lang='lat' dir='ltr'>omnes</span> <span class='ocrx_word' id='word_1_511' title='bbox 1654 3617 1745 3686; x_wconf 91' lang='lat' dir='ltr'>scripti</span> <span class='ocrx_word' id='word_1_512' title='bbox 1760 3632 1835 3675; x_wconf 83' lang='lat' dir='ltr'>asse·</span> 
     </span>
     <span class='ocr_line' id='line_1_40' title="bbox 211 3686 1832 3760; baseline -0.004 -13"><span class='ocrx_word' id='word_1_513' title='bbox 211 3691 246 3748; x_wconf 83' lang='lat' dir='ltr'>ta</span> <span class='ocrx_word' id='word_1_514' title='bbox 260 3710 266 3746; x_wconf 95' lang='lat'><strong>:</strong></span> <span class='ocrx_word' id='word_1_515' title='bbox 1046 3700 1117 3754; x_wconf 87' lang='lat' dir='ltr'>runt,</span> <span class='ocrx_word' id='word_1_516' title='bbox 1126 3705 1231 3760; x_wconf 86' lang='lat' dir='ltr'>proquo</span> <span class='ocrx_word' id='word_1_517' title='bbox 1240 3690 1469 3759; x_wconf 78' lang='lat' dir='ltr'>nuendoserulgati</span> <span class='ocrx_word' id='word_1_518' title='bbox 1480 3690 1606 3745; x_wconf 83' lang='lat' dir='ltr'>exhibent</span> <span class='ocrx_word' id='word_1_519' title='bbox 1614 3686 1832 3758; x_wconf 89' lang='lat' dir='ltr'>hippodromum,</span> 
     </span>
     <span class='ocr_line' id='line_1_41' title="bbox 267 3760 1836 3952; baseline -0.006 -60"><span class='ocrx_word' id='word_1_520' title='bbox 267 3787 857 3952; x_wconf 68' lang='lat' dir='ltr'>pm</span> <span class='ocrx_word' id='word_1_521' title='bbox 1046 3760 1836 3900; x_wconf 53' lang='lat' dir='ltr'>lalana,</span> 
     </span>
     <span class='ocr_line' id='line_1_42' title="bbox 292 3873 1834 3977; baseline -0.001 -23"><span class='ocrx_word' id='word_1_522' title='bbox 292 3913 322 3955; x_wconf 91' lang='lat' dir='ltr'>es</span> <span class='ocrx_word' id='word_1_523' title='bbox 336 3899 417 3969; x_wconf 84' lang='lat' dir='ltr'>extglt</span> <span class='ocrx_word' id='word_1_524' title='bbox 431 3908 459 3953; x_wconf 94' lang='lat' dir='ltr'>ut</span> <span class='ocrx_word' id='word_1_525' title='bbox 469 3899 655 3955; x_wconf 82' lang='lat' dir='ltr'>Proconnesos</span> <span class='ocrx_word' id='word_1_526' title='bbox 665 3899 806 3955; x_wconf 88' lang='lat' dir='ltr'>scribatur.</span> <span class='ocrx_word' id='word_1_527' title='bbox 818 3903 993 3977; x_wconf 77' lang='grc' dir='ltr'>ιρικὸνιησος,</span> <span class='ocrx_word' id='word_1_528' title='bbox 1046 3905 1147 3974; x_wconf 88' lang='lat' dir='ltr'>porticu</span> <span class='ocrx_word' id='word_1_529' title='bbox 1163 3903 1322 3958; x_wconf 84' lang='lat' dir='ltr'>commune?</span> <span class='ocrx_word' id='word_1_530' title='bbox 1336 3903 1383 3956; x_wconf 89' lang='lat' dir='ltr'>sed</span> <span class='ocrx_word' id='word_1_531' title='bbox 1398 3873 1493 3956; x_wconf 62' lang='lat' dir='ltr'>t&#39;ectam</span> <span class='ocrx_word' id='word_1_532' title='bbox 1506 3910 1535 3955; x_wconf 91' lang='lat' dir='ltr'>ut</span> <span class='ocrx_word' id='word_1_533' title='bbox 1549 3901 1612 3956; x_wconf 90' lang='lat' dir='ltr'>dicit</span> <span class='ocrx_word' id='word_1_534' title='bbox 1627 3900 1834 3968; x_wconf 79' lang='lat' dir='ltr'>longitudinem,</span> 
     </span>
     <span class='ocr_line' id='line_1_43' title="bbox 210 3968 1835 4043; baseline -0.001 -19"><span class='ocrx_word' id='word_1_535' title='bbox 210 3968 297 4024; x_wconf 90' lang='lat' dir='ltr'>insula</span> <span class='ocrx_word' id='word_1_536' title='bbox 314 3969 397 4025; x_wconf 88' lang='lat' dir='ltr'>maris</span> <span class='ocrx_word' id='word_1_537' title='bbox 411 3969 508 4040; x_wconf 80' lang='lat' dir='ltr'>AEgaei,</span> <span class='ocrx_word' id='word_1_538' title='bbox 529 3970 634 4025; x_wconf 90' lang='lat' dir='ltr'>candidi</span> <span class='ocrx_word' id='word_1_539' title='bbox 655 3971 795 4026; x_wconf 86' lang='lat' dir='ltr'>marmoris</span> <span class='ocrx_word' id='word_1_540' title='bbox 815 3973 904 4028; x_wconf 88' lang='lat' dir='ltr'>ludina</span> <span class='ocrx_word' id='word_1_541' title='bbox 927 3974 997 4030; x_wconf 87' lang='lat' dir='ltr'>cele·</span> <span class='ocrx_word' id='word_1_542' title='bbox 1046 3983 1075 4031; x_wconf 90' lang='lat' dir='ltr'>cl</span> <span class='ocrx_word' id='word_1_543' title='bbox 1088 3976 1206 4030; x_wconf 88' lang='lat' dir='ltr'>clausum</span> <span class='ocrx_word' id='word_1_544' title='bbox 1229 3974 1405 4043; x_wconf 81' lang='lat' dir='ltr'>undequaque</span> <span class='ocrx_word' id='word_1_545' title='bbox 1420 3971 1655 4028; x_wconf 89' lang='lat' dir='ltr'>deambulacrum:</span> <span class='ocrx_word' id='word_1_546' title='bbox 1667 3970 1755 4039; x_wconf 89' lang='lat' dir='ltr'>qualia</span> <span class='ocrx_word' id='word_1_547' title='bbox 1771 3981 1835 4024; x_wconf 87' lang='lat' dir='ltr'>suat</span> 
     </span>
     <span class='ocr_line' id='line_1_44' title="bbox 210 4039 1834 4112; baseline -0.001 -15"><span class='ocrx_word' id='word_1_548' title='bbox 210 4039 278 4107; x_wconf 88' lang='lat' dir='ltr'>bris,</span> <span class='ocrx_word' id='word_1_549' title='bbox 295 4050 323 4097; x_wconf 93' lang='lat' dir='ltr'>ut</span> <span class='ocrx_word' id='word_1_550' title='bbox 335 4051 429 4097; x_wconf 88' lang='lat' dir='ltr'>auctor</span> <span class='ocrx_word' id='word_1_551' title='bbox 443 4050 485 4099; x_wconf 86' lang='lat' dir='ltr'>cst</span> <span class='ocrx_word' id='word_1_552' title='bbox 498 4040 595 4096; x_wconf 82' lang='lat' dir='ltr'>Strabo</span> <span class='ocrx_word' id='word_1_553' title='bbox 610 4040 656 4095; x_wconf 88' lang='lat' dir='ltr'>lib.</span> <span class='ocrx_word' id='word_1_554' title='bbox 671 4056 729 4098; x_wconf 88' lang='lat' dir='ltr'>xm.</span> <span class='ocrx_word' id='word_1_555' title='bbox 1046 4044 1073 4100; x_wconf 91' lang='lat' dir='ltr'>ln</span> <span class='ocrx_word' id='word_1_556' title='bbox 1086 4042 1226 4101; x_wconf 67' lang='lat' dir='ltr'>uestibulis</span> <span class='ocrx_word' id='word_1_557' title='bbox 1238 4052 1402 4112; x_wconf 86' lang='lat' dir='ltr'>magnatum,</span> <span class='ocrx_word' id='word_1_558' title='bbox 1416 4051 1461 4096; x_wconf 89' lang='lat' dir='ltr'>aut</span> <span class='ocrx_word' id='word_1_559' title='bbox 1475 4041 1561 4108; x_wconf 89' lang='lat' dir='ltr'>qualia</span> <span class='ocrx_word' id='word_1_560' title='bbox 1577 4057 1638 4107; x_wconf 73' lang='lat' dir='ltr'>quaa</span> <span class='ocrx_word' id='word_1_561' title='bbox 1647 4039 1733 4095; x_wconf 87' lang='lat' dir='ltr'>stadia</span> <span class='ocrx_word' id='word_1_562' title='bbox 1747 4055 1834 4108; x_wconf 81' lang='lat' dir='ltr'>opaca</span> 
     </span>
     <span class='ocr_line' id='line_1_45' title="bbox 243 4107 1835 4185; baseline 0.001 -21"><span class='ocrx_word' id='word_1_563' title='bbox 243 4107 257 4147; x_wconf 56' lang='grc' dir='ltr'><em>ἃ</em></span> <span class='ocrx_word' id='word_1_564' title='bbox 271 4111 444 4167; x_wconf 77' lang='lat' dir='ltr'>(linamenta.</span> <span class='ocrx_word' id='word_1_565' title='bbox 459 4112 613 4167; x_wconf 76' lang='lat' dir='ltr'>sicutenim</span> <span class='ocrx_word' id='word_1_566' title='bbox 628 4110 696 4166; x_wconf 82' lang='lat' dir='ltr'>scs&#39;ti</span> <span class='ocrx_word' id='word_1_567' title='bbox 710 4111 789 4168; x_wconf 80' lang='lat' dir='ltr'>aliem</span> <span class='ocrx_word' id='word_1_568' title='bbox 801 4113 891 4169; x_wconf 93' lang='lat' dir='ltr'>lumen</span> <span class='ocrx_word' id='word_1_569' title='bbox 904 4115 996 4169; x_wconf 83' lang='lat' dir='ltr'>clarus</span> <span class='ocrx_word' id='word_1_570' title='bbox 1046 4125 1123 4171; x_wconf 80' lang='lat' dir='ltr'>sucat</span> <span class='ocrx_word' id='word_1_571' title='bbox 1137 4114 1318 4170; x_wconf 86' lang='lat' dir='ltr'>Tertullianus</span> <span class='ocrx_word' id='word_1_572' title='bbox 1337 4114 1392 4185; x_wconf 73' lang='lat'>28</span> <span class='ocrx_word' id='word_1_573' title='bbox 1412 4114 1438 4167; x_wconf 93' lang='lat' dir='ltr'>in</span> <span class='ocrx_word' id='word_1_574' title='bbox 1463 4111 1553 4167; x_wconf 87' lang='lat' dir='ltr'>libello</span> <span class='ocrx_word' id='word_1_575' title='bbox 1566 4111 1599 4166; x_wconf 89' lang='lat' dir='ltr'>ad</span> <span class='ocrx_word' id='word_1_576' title='bbox 1616 4121 1758 4182; x_wconf 74' lang='lat' dir='ltr'>martyres.</span> <span class='ocrx_word' id='word_1_577' title='bbox 1780 4110 1835 4182; x_wconf 84' lang='lat' dir='ltr'>lly-</span> 
     </span>
     <span class='ocr_line' id='line_1_46' title="bbox 210 4180 1836 4251; baseline 0.001 -18"><span class='ocrx_word' id='word_1_578' title='bbox 210 4193 345 4250; x_wconf 83' lang='lat' dir='ltr'>purpurac,</span> <span class='ocrx_word' id='word_1_579' title='bbox 360 4191 389 4236; x_wconf 93' lang='lat' dir='ltr'>ut</span> <span class='ocrx_word' id='word_1_580' title='bbox 404 4181 477 4239; x_wconf 83' lang='lat' dir='ltr'>Fabii</span> <span class='ocrx_word' id='word_1_581' title='bbox 492 4181 581 4236; x_wconf 83' lang='lat' dir='ltr'>verbis</span> <span class='ocrx_word' id='word_1_582' title='bbox 595 4189 663 4246; x_wconf 87' lang='lat' dir='ltr'>utar,</span> <span class='ocrx_word' id='word_1_583' title='bbox 680 4180 720 4237; x_wconf 88' lang='lat' dir='ltr'>sic</span> <span class='ocrx_word' id='word_1_584' title='bbox 735 4182 836 4239; x_wconf 76' lang='lat' dir='ltr'>aedibus</span> <span class='ocrx_word' id='word_1_585' title='bbox 850 4185 991 4240; x_wconf 74' lang='lat' dir='ltr'>columnae.</span> <span class='ocrx_word' id='word_1_586' title='bbox 1046 4187 1192 4251; x_wconf 87' lang='lat' dir='ltr'>podromus</span> <span class='ocrx_word' id='word_1_587' title='bbox 1212 4194 1300 4239; x_wconf 85' lang='lat' dir='ltr'>autent</span> <span class='ocrx_word' id='word_1_588' title='bbox 1316 4198 1348 4239; x_wconf 90' lang='lat' dir='ltr'>ex</span> <span class='ocrx_word' id='word_1_589' title='bbox 1373 4200 1405 4238; x_wconf 90' lang='lat' dir='ltr'>cu</span> <span class='ocrx_word' id='word_1_590' title='bbox 1427 4183 1530 4247; x_wconf 91' lang='lat' dir='ltr'>dictus,</span> <span class='ocrx_word' id='word_1_591' title='bbox 1545 4183 1613 4250; x_wconf 88' lang='lat' dir='ltr'>quod</span> <span class='ocrx_word' id='word_1_592' title='bbox 1628 4184 1678 4235; x_wconf 90' lang='lat' dir='ltr'>suh</span> <span class='ocrx_word' id='word_1_593' title='bbox 1703 4195 1735 4236; x_wconf 88' lang='lat' dir='ltr'>eo</span> <span class='ocrx_word' id='word_1_594' title='bbox 1759 4180 1836 4235; x_wconf 88' lang='lat' dir='ltr'>ince-</span> 
     </span>
     <span class='ocr_line' id='line_1_47' title="bbox 210 4248 1842 4325; baseline -0.001 -20"><span class='ocrx_word' id='word_1_595' title='bbox 210 4248 336 4319; x_wconf 84' lang='lat' dir='ltr'>Purpurae</span> <span class='ocrx_word' id='word_1_596' title='bbox 360 4265 458 4306; x_wconf 89' lang='lat' dir='ltr'>nomeu</span> <span class='ocrx_word' id='word_1_597' title='bbox 482 4250 627 4320; x_wconf 89' lang='lat' dir='ltr'>scriptores</span> <span class='ocrx_word' id='word_1_598' title='bbox 649 4250 683 4305; x_wconf 90' lang='lat' dir='ltr'>ad</span> <span class='ocrx_word' id='word_1_599' title='bbox 705 4252 795 4307; x_wconf 88' lang='lat' dir='ltr'>omnia</span> <span class='ocrx_word' id='word_1_600' title='bbox 818 4254 994 4320; x_wconf 87' lang='lat' dir='ltr'>transierunt,</span> <span class='ocrx_word' id='word_1_601' title='bbox 1046 4256 1133 4322; x_wconf 89' lang='lat' dir='ltr'>datur,</span> <span class='ocrx_word' id='word_1_602' title='bbox 1148 4256 1216 4310; x_wconf 91' lang='lat' dir='ltr'>sicut</span> <span class='ocrx_word' id='word_1_603' title='bbox 1229 4254 1388 4324; x_wconf 88' lang='lat' dir='ltr'>peridromis</span> <span class='ocrx_word' id='word_1_604' title='bbox 1403 4253 1428 4307; x_wconf 93' lang='lat' dir='ltr'>in</span> <span class='ocrx_word' id='word_1_605' title='bbox 1445 4263 1521 4324; x_wconf 88' lang='lat' dir='ltr'>xysto</span> <span class='ocrx_word' id='word_1_606' title='bbox 1536 4250 1674 4323; x_wconf 77' lang='lat' dir='ltr'>ltypaethra</span> <span class='ocrx_word' id='word_1_607' title='bbox 1687 4250 1842 4325; x_wconf 63' lang='lat' dir='ltr'>ambulatio⁸</span> 
     </span>
     <span class='ocr_line' id='line_1_48' title="bbox 210 4319 1835 4388; baseline 0.001 -16"><span class='ocrx_word' id='word_1_608' title='bbox 210 4333 269 4388; x_wconf 78' lang='lat' dir='ltr'>qum</span> <span class='ocrx_word' id='word_1_609' title='bbox 284 4330 405 4374; x_wconf 88' lang='lat' dir='ltr'>ornatum</span> <span class='ocrx_word' id='word_1_610' title='bbox 419 4320 596 4388; x_wconf 89' lang='lat' dir='ltr'>decoremque</span> <span class='ocrx_word' id='word_1_611' title='bbox 610 4319 770 4388; x_wconf 87' lang='lat' dir='ltr'>signiticant.</span> <span class='ocrx_word' id='word_1_612' title='bbox 785 4322 912 4378; x_wconf 86' lang='lat' dir='ltr'>Sidonius</span> <span class='ocrx_word' id='word_1_613' title='bbox 927 4325 994 4381; x_wconf 88' lang='lat' dir='ltr'>inira</span> <span class='ocrx_word' id='word_1_614' title='bbox 1045 4341 1060 4380; x_wconf 91' lang='lat' dir='ltr'>a</span> <span class='ocrx_word' id='word_1_615' title='bbox 1074 4327 1234 4388; x_wconf 90' lang='lat' dir='ltr'>circumitu,</span> <span class='ocrx_word' id='word_1_616' title='bbox 1253 4334 1279 4379; x_wconf 89' lang='lat' dir='ltr'>et</span> <span class='ocrx_word' id='word_1_617' title='bbox 1295 4324 1471 4379; x_wconf 88' lang='lat' dir='ltr'>diadromisa</span> <span class='ocrx_word' id='word_1_618' title='bbox 1492 4329 1603 4378; x_wconf 75' lang='lat' dir='ltr'>transitu</span> <span class='ocrx_word' id='word_1_619' title='bbox 1618 4340 1624 4375; x_wconf 93' lang='lat'>:</span> <span class='ocrx_word' id='word_1_620' title='bbox 1647 4320 1733 4377; x_wconf 88' lang='lat' dir='ltr'>balnei</span> <span class='ocrx_word' id='word_1_621' title='bbox 1747 4337 1835 4375; x_wconf 82' lang='lat' dir='ltr'>intern-</span> 
     </span>
     <span class='ocr_line' id='line_1_49' title="bbox 210 4387 1834 4469; baseline 0.002 -28"><span class='ocrx_word' id='word_1_622' title='bbox 210 4389 289 4469; x_wconf 73' lang='lat' dir='ltr'>epist.</span> <span class='ocrx_word' id='word_1_623' title='bbox 302 4388 349 4443; x_wconf 84' lang='lat' dir='ltr'>to:</span> <span class='ocrx_word' id='word_1_624' title='bbox 359 4389 452 4443; x_wconf 83' lang='lat' dir='ltr'>Omttes</span> <span class='ocrx_word' id='word_1_625' title='bbox 466 4387 589 4444; x_wconf 84' lang='lat' dir='ltr'>nobilium</span> <span class='ocrx_word' id='word_1_626' title='bbox 601 4404 744 4444; x_wconf 83' lang='lat' dir='ltr'>sermonum</span> <span class='ocrx_word' id='word_1_627' title='bbox 755 4407 886 4462; x_wconf 73' lang='lat' dir='ltr'>primurm.</span> <span class='ocrx_word' id='word_1_628' title='bbox 901 4391 996 4449; x_wconf 84' lang='lat' dir='ltr'>Cicero</span> <span class='ocrx_word' id='word_1_629' title='bbox 1046 4397 1122 4451; x_wconf 88' lang='lat' dir='ltr'>hrum</span> <span class='ocrx_word' id='word_1_630' title='bbox 1141 4398 1166 4450; x_wconf 91' lang='lat' dir='ltr'>in</span> <span class='ocrx_word' id='word_1_631' title='bbox 1180 4395 1274 4465; x_wconf 86' lang='lat' dir='ltr'>llippiu</span> <span class='ocrx_word' id='word_1_632' title='bbox 1293 4393 1411 4448; x_wconf 82' lang='lat' dir='ltr'>Luciani.</span> <span class='ocrx_word' id='word_1_633' title='bbox 1434 4393 1492 4448; x_wconf 87' lang='lat' dir='ltr'>Non</span> <span class='ocrx_word' id='word_1_634' title='bbox 1508 4392 1582 4448; x_wconf 88' lang='lat' dir='ltr'>latuit</span> <span class='ocrx_word' id='word_1_635' title='bbox 1591 4407 1624 4449; x_wconf 88' lang='lat' dir='ltr'>ea</span> <span class='ocrx_word' id='word_1_636' title='bbox 1635 4406 1686 4447; x_wconf 86' lang='lat' dir='ltr'>rox</span> <span class='ocrx_word' id='word_1_637' title='bbox 1700 4393 1834 4463; x_wconf 65' lang='lat' dir='ltr'>angelum</span> 
     </span>
     <span class='ocr_line' id='line_1_50' title="bbox 209 4458 1835 4536; baseline 0.004 -24"><span class='ocrx_word' id='word_1_638' title='bbox 209 4472 236 4512; x_wconf 92' lang='grc' dir='ltr'>ιι</span> <span class='ocrx_word' id='word_1_639' title='bbox 252 4458 363 4515; x_wconf 82' lang='lat' dir='ltr'>Oratore</span> <span class='ocrx_word' id='word_1_640' title='bbox 379 4479 385 4513; x_wconf 92' lang='lat'><strong>:</strong></span> <span class='ocrx_word' id='word_1_641' title='bbox 402 4460 471 4525; x_wconf 82' lang='lat' dir='ltr'>Quot</span> <span class='ocrx_word' id='word_1_642' title='bbox 488 4474 603 4515; x_wconf 81' lang='lat' dir='ltr'>numeros</span> <span class='ocrx_word' id='word_1_643' title='bbox 622 4475 678 4514; x_wconf 86' lang='lat' dir='ltr'>eum</span> <span class='ocrx_word' id='word_1_644' title='bbox 691 4461 781 4529; x_wconf 84' lang='lat' dir='ltr'>quibus</span> <span class='ocrx_word' id='word_1_645' title='bbox 799 4470 918 4533; x_wconf 84' lang='lat' dir='ltr'>tunquam</span> <span class='ocrx_word' id='word_1_646' title='bbox 931 4480 995 4536; x_wconf 83' lang='lat' dir='ltr'>pur·</span> <span class='ocrx_word' id='word_1_647' title='bbox 1047 4466 1249 4531; x_wconf 62' lang='lat' dir='ltr'>mcerrrbriurn,</span> <span class='ocrx_word' id='word_1_648' title='bbox 1262 4464 1306 4534; x_wconf 90' lang='lat' dir='ltr'>qui</span> <span class='ocrx_word' id='word_1_649' title='bbox 1325 4464 1372 4520; x_wconf 84' lang='lat' dir='ltr'>tlt.</span> <span class='ocrx_word' id='word_1_650' title='bbox 1393 4463 1625 4535; x_wconf 51' lang='lat' dir='ltr'>[hypodromum</span> <span class='ocrx_word' id='word_1_651' title='bbox 1645 4461 1785 4529; x_wconf 87' lang='lat' dir='ltr'>distinguit</span> <span class='ocrx_word' id='word_1_652' title='bbox 1799 4463 1835 4518; x_wconf 86' lang='lat' dir='ltr'>ab</span> 
     </span>
     <span class='ocr_line' id='line_1_51' title="bbox 155 4527 1834 4652; baseline 0.003 -71"><span class='ocrx_word' id='word_1_653' title='bbox 155 4607 158 4611; x_wconf 16' lang='lat'><em>7</em></span> <span class='ocrx_word' id='word_1_654' title='bbox 210 4543 275 4652; x_wconf 47' lang='lat' dir='ltr'>bam</span> <span class='ocrx_word' id='word_1_655' title='bbox 288 4529 387 4611; x_wconf 80' lang='lat' dir='ltr'>misceri</span> <span class='ocrx_word' id='word_1_656' title='bbox 399 4536 522 4601; x_wconf 80' lang='lat' dir='ltr'>oporteat.</span> <span class='ocrx_word' id='word_1_657' title='bbox 531 4527 666 4585; x_wconf 79' lang='lat' dir='ltr'>Lucienus</span> <span class='ocrx_word' id='word_1_658' title='bbox 679 4531 706 4585; x_wconf 91' lang='lat' dir='ltr'>in</span> <span class='ocrx_word' id='word_1_659' title='bbox 717 4530 811 4600; x_wconf 89' lang='lat' dir='ltr'>llippia</span> <span class='ocrx_word' id='word_1_660' title='bbox 821 4533 855 4589; x_wconf 89' lang='lat' dir='ltr'>de</span> <span class='ocrx_word' id='word_1_661' title='bbox 867 4535 995 4591; x_wconf 90' lang='lat' dir='ltr'>memhris</span> <span class='ocrx_word' id='word_1_662' title='bbox 1047 4535 1237 4607; x_wconf 87' lang='lat' dir='ltr'>hippodromo:</span> <span class='ocrx_word' id='word_1_663' title='bbox 1247 4535 1395 4592; x_wconf 83' lang='lat' dir='ltr'>xrecsaecull</span> <span class='ocrx_word' id='word_1_664' title='bbox 1404 4537 1443 4590; x_wconf 90' lang='lat' dir='ltr'>sui</span> <span class='ocrx_word' id='word_1_665' title='bbox 1453 4533 1661 4590; x_wconf 86' lang='lat' dir='ltr'>eruditissimum</span> <span class='ocrx_word' id='word_1_666' title='bbox 1670 4530 1834 4596; x_wconf 68' lang='lat' dir='ltr'>aldelmum,</span> 
     </span>
     <span class='ocr_line' id='line_1_52' title="bbox 244 4578 1835 4690; baseline 0.002 -37"><span class='ocrx_word' id='word_1_667' title='bbox 244 4598 296 4654; x_wconf 90' lang='lat' dir='ltr'>lner</span> <span class='ocrx_word' id='word_1_668' title='bbox 314 4613 321 4652; x_wconf 73' lang='grc' dir='ltr'><strong><em>ε</em></strong></span> <span class='ocrx_word' id='word_1_669' title='bbox 342 4610 369 4654; x_wconf 82' lang='lat'>⁸0</span> <span class='ocrx_word' id='word_1_670' title='bbox 383 4599 410 4657; x_wconf 82' lang='lat' dir='ltr'>tt</span> <span class='ocrx_word' id='word_1_671' title='bbox 427 4598 494 4657; x_wconf 75' lang='lat' dir='ltr'>indm</span> <span class='ocrx_word' id='word_1_672' title='bbox 511 4595 575 4662; x_wconf 74' lang='grc' dir='ltr'><strong>οἶκος</strong></span> <span class='ocrx_word' id='word_1_673' title='bbox 594 4602 735 4670; x_wconf 59' lang='grc' dir='ltr'>κάλλιστος,</span> <span class='ocrx_word' id='word_1_674' title='bbox 755 4603 835 4690; x_wconf 66' lang='lat' dir='ltr'>puris</span> <span class='ocrx_word' id='word_1_675' title='bbox 855 4625 882 4660; x_wconf 79' lang='grc' dir='ltr'>τε</span> <span class='ocrx_word' id='word_1_676' title='bbox 901 4606 993 4662; x_wconf 70' lang='lat' dir='ltr'>nollet</span> <span class='ocrx_word' id='word_1_677' title='bbox 1007 4578 1035 4640; x_wconf 70' lang='lat' dir='ltr'>D</span> <span class='ocrx_word' id='word_1_678' title='bbox 1047 4607 1116 4677; x_wconf 89' lang='lat' dir='ltr'>apud</span> <span class='ocrx_word' id='word_1_679' title='bbox 1137 4620 1214 4677; x_wconf 94' lang='lat' dir='ltr'>quem</span> <span class='ocrx_word' id='word_1_680' title='bbox 1237 4606 1263 4661; x_wconf 93' lang='lat' dir='ltr'>in</span> <span class='ocrx_word' id='word_1_681' title='bbox 1287 4604 1357 4660; x_wconf 89' lang='lat' dir='ltr'>libro</span> <span class='ocrx_word' id='word_1_682' title='bbox 1373 4605 1407 4661; x_wconf 93' lang='lat' dir='ltr'>de</span> <span class='ocrx_word' id='word_1_683' title='bbox 1422 4603 1579 4670; x_wconf 86' lang='lat' dir='ltr'>l&#39;irginitate</span> <span class='ocrx_word' id='word_1_684' title='bbox 1599 4602 1712 4673; x_wconf 77' lang='lat' dir='ltr'>babylas</span> <span class='ocrx_word' id='word_1_685' title='bbox 1730 4609 1835 4673; x_wconf 86' lang='lat' dir='ltr'>martyr</span> 
     </span>
     <span class='ocr_line' id='line_1_53' title="bbox 210 4667 1837 4748; baseline -0.006 -14"><span class='ocrx_word' id='word_1_686' title='bbox 210 4667 360 4739; x_wconf 64' lang='lat' dir='ltr'>deiparam,</span> <span class='ocrx_word' id='word_1_687' title='bbox 384 4675 426 4727; x_wconf 73' lang='lat' dir='ltr'>nal</span> <span class='ocrx_word' id='word_1_688' title='bbox 448 4675 482 4732; x_wconf 72' lang='grc' dir='ltr'>ὡς</span> <span class='ocrx_word' id='word_1_689' title='bbox 503 4693 536 4727; x_wconf 81' lang='grc' dir='ltr'>πο</span> <span class='ocrx_word' id='word_1_690' title='bbox 554 4673 621 4748; x_wconf 71' lang='lat' dir='ltr'>pipat</span> <span class='ocrx_word' id='word_1_691' title='bbox 642 4671 818 4746; x_wconf 70' lang='lat' dir='ltr'>druidwpmts·</span> <span class='ocrx_word' id='word_1_692' title='bbox 844 4672 872 4727; x_wconf 87' lang='grc' dir='ltr'>Ιι</span> <span class='ocrx_word' id='word_1_693' title='bbox 890 4676 994 4746; x_wconf 86' lang='lat' dir='ltr'>onyche</span> <span class='ocrx_word' id='word_1_694' title='bbox 1046 4678 1080 4737; x_wconf 82' lang='lat' dir='ltr'>art</span> <span class='ocrx_word' id='word_1_695' title='bbox 1093 4676 1222 4747; x_wconf 83' lang='lat' dir='ltr'>palatinos</span> <span class='ocrx_word' id='word_1_696' title='bbox 1236 4678 1426 4741; x_wconf 81' lang='lat' dir='ltr'>duciturxetss,</span> <span class='ocrx_word' id='word_1_697' title='bbox 1438 4672 1609 4747; x_wconf 81' lang='lat' dir='ltr'>ctimpsriulir</span> <span class='ocrx_word' id='word_1_698' title='bbox 1621 4670 1738 4728; x_wconf 76' lang='lat' dir='ltr'>uestibuli</span> <span class='ocrx_word' id='word_1_699' title='bbox 1751 4672 1837 4742; x_wconf 78' lang='lat' dir='ltr'>ippo-</span> 
     </span>
     <span class='ocr_line' id='line_1_54' title="bbox 210 4691 1836 4824; baseline 0.002 -29"><span class='ocrx_word' id='word_1_700' title='bbox 210 4738 318 4823; x_wconf 86' lang='lat' dir='ltr'>demum</span> <span class='ocrx_word' id='word_1_701' title='bbox 332 4756 521 4811; x_wconf 82' lang='lat' dir='ltr'>gemmaquam</span> <span class='ocrx_word' id='word_1_702' title='bbox 537 4691 796 4824; x_wconf 64' lang='lat' dir='ltr'>fiarnniicardinalis</span> <span class='ocrx_word' id='word_1_703' title='bbox 807 4743 900 4812; x_wconf 89' lang='lat' dir='ltr'>optimi</span> <span class='ocrx_word' id='word_1_704' title='bbox 911 4744 993 4803; x_wconf 84' lang='lat' dir='ltr'>bene·</span> <span class='ocrx_word' id='word_1_705' title='bbox 1047 4748 1172 4802; x_wconf 82' lang='lat' dir='ltr'>dranum.</span> <span class='ocrx_word' id='word_1_706' title='bbox 1193 4748 1220 4802; x_wconf 93' lang='lat' dir='ltr'>ln</span> <span class='ocrx_word' id='word_1_707' title='bbox 1236 4747 1331 4816; x_wconf 89' lang='lat' dir='ltr'>quibus</span> <span class='ocrx_word' id='word_1_708' title='bbox 1354 4745 1443 4803; x_wconf 86' lang='lat' dir='ltr'>verbis</span> <span class='ocrx_word' id='word_1_709' title='bbox 1463 4744 1606 4815; x_wconf 85' lang='lat' dir='ltr'>imaginem</span> <span class='ocrx_word' id='word_1_710' title='bbox 1621 4742 1697 4799; x_wconf 81' lang='lat' dir='ltr'>sides</span> <span class='ocrx_word' id='word_1_711' title='bbox 1714 4745 1836 4813; x_wconf 88' lang='lat' dir='ltr'>porticus</span> 
     </span>
     <span class='ocr_line' id='line_1_55' title="bbox 211 4807 1838 4885; baseline 0.001 -20"><span class='ocrx_word' id='word_1_712' title='bbox 211 4807 324 4867; x_wconf 81' lang='lat' dir='ltr'>beentuc</span> <span class='ocrx_word' id='word_1_713' title='bbox 337 4812 476 4876; x_wconf 86' lang='lat' dir='ltr'>dehemus,</span> <span class='ocrx_word' id='word_1_714' title='bbox 491 4814 600 4868; x_wconf 87' lang='lat' dir='ltr'>arlillcrs</span> <span class='ocrx_word' id='word_1_715' title='bbox 614 4828 696 4870; x_wconf 87' lang='lat' dir='ltr'>manu</span> <span class='ocrx_word' id='word_1_716' title='bbox 704 4816 813 4884; x_wconf 88' lang='lat' dir='ltr'>sculpta</span> <span class='ocrx_word' id='word_1_717' title='bbox 826 4816 883 4872; x_wconf 75' lang='lat' dir='ltr'>hcc</span> <span class='ocrx_word' id='word_1_718' title='bbox 901 4817 994 4885; x_wconf 85' lang='lat' dir='ltr'>legun·</span> <span class='ocrx_word' id='word_1_719' title='bbox 1047 4817 1215 4874; x_wconf 84' lang='lat' dir='ltr'>Sidoniunre:</span> <span class='ocrx_word' id='word_1_720' title='bbox 1234 4828 1261 4873; x_wconf 93' lang='lat' dir='ltr'>ct</span> <span class='ocrx_word' id='word_1_721' title='bbox 1275 4816 1298 4872; x_wconf 92' lang='lat' dir='ltr'>si</span> <span class='ocrx_word' id='word_1_722' title='bbox 1311 4832 1385 4872; x_wconf 90' lang='lat' dir='ltr'>suam</span> <span class='ocrx_word' id='word_1_723' title='bbox 1401 4814 1542 4881; x_wconf 88' lang='lat' dir='ltr'>Sidonius,</span> <span class='ocrx_word' id='word_1_724' title='bbox 1562 4814 1624 4884; x_wconf 90' lang='lat' dir='ltr'>quia</span> <span class='ocrx_word' id='word_1_725' title='bbox 1641 4812 1706 4868; x_wconf 93' lang='lat' dir='ltr'>nihil</span> <span class='ocrx_word' id='word_1_726' title='bbox 1721 4827 1838 4882; x_wconf 87' lang='lat' dir='ltr'>prospe-</span> 
     </span>
     <span class='ocr_line' id='line_1_56' title="bbox 211 4883 1836 4962; baseline 0.002 -28"><span class='ocrx_word' id='word_1_727' title='bbox 211 4890 265 4948; x_wconf 91' lang='lat' dir='ltr'>tur,</span> <span class='ocrx_word' id='word_1_728' title='bbox 279 4892 416 4947; x_wconf 70' lang='lat' dir='ltr'>sirmi,</span> <span class='ocrx_word' id='word_1_729' title='bbox 428 4890 582 4952; x_wconf 77' lang='grc' dir='ltr'>ιιιιιιιοιι,</span> <span class='ocrx_word' id='word_1_730' title='bbox 595 4895 613 4939; x_wconf 89' lang='grc' dir='ltr'>ιι</span> <span class='ocrx_word' id='word_1_731' title='bbox 628 4893 757 4943; x_wconf 73' lang='lat' dir='ltr'>nomam</span> <span class='ocrx_word' id='word_1_732' title='bbox 768 4896 830 4943; x_wconf 75' lang='lat' dir='ltr'>soal</span> <span class='ocrx_word' id='word_1_733' title='bbox 845 4895 993 4953; x_wconf 70' lang='grc' dir='ltr'>Διιιιιιι.</span> <span class='ocrx_word' id='word_1_734' title='bbox 1047 4891 1144 4953; x_wconf 86' lang='lat' dir='ltr'>ctahat,</span> <span class='ocrx_word' id='word_1_735' title='bbox 1163 4889 1390 4962; x_wconf 88' lang='lat' dir='ltr'>cryptoporticum</span> <span class='ocrx_word' id='word_1_736' title='bbox 1401 4886 1537 4957; x_wconf 84' lang='lat' dir='ltr'>appellare</span> <span class='ocrx_word' id='word_1_737' title='bbox 1552 4886 1636 4940; x_wconf 89' lang='lat' dir='ltr'>malit.</span> <span class='ocrx_word' id='word_1_738' title='bbox 1652 4883 1753 4938; x_wconf 83' lang='lat' dir='ltr'>Plinius</span> <span class='ocrx_word' id='word_1_739' title='bbox 1769 4899 1836 4939; x_wconf 84' lang='lat' dir='ltr'>seru</span> 
     </span>
     <span class='ocr_line' id='line_1_57' title="bbox 212 4949 1836 5042; baseline 0 -35"><span class='ocrx_word' id='word_1_740' title='bbox 212 4949 255 5007; x_wconf 83' lang='lat' dir='ltr'>Sis</span> <span class='ocrx_word' id='word_1_741' title='bbox 269 4952 342 5023; x_wconf 70' lang='lat' dir='ltr'>selis,</span> <span class='ocrx_word' id='word_1_742' title='bbox 355 4951 472 5021; x_wconf 78' lang='lat' dir='ltr'>discedo,</span> <span class='ocrx_word' id='word_1_743' title='bbox 485 4970 611 5023; x_wconf 82' lang='lat' dir='ltr'>purpura,</span> <span class='ocrx_word' id='word_1_744' title='bbox 624 4955 675 5010; x_wconf 90' lang='lat' dir='ltr'>hoc</span> <span class='ocrx_word' id='word_1_745' title='bbox 688 4964 729 5011; x_wconf 91' lang='lat' dir='ltr'>est</span> <span class='ocrx_word' id='word_1_746' title='bbox 740 4955 822 5012; x_wconf 84' lang='lat' dir='ltr'>deam</span> <span class='ocrx_word' id='word_1_747' title='bbox 837 4966 864 5013; x_wconf 83' lang='lat' dir='ltr'>st</span> <span class='ocrx_word' id='word_1_748' title='bbox 877 4972 991 5030; x_wconf 80' lang='lat' dir='ltr'>gemma,</span> <span class='ocrx_word' id='word_1_749' title='bbox 1045 4959 1145 5042; x_wconf 73' lang='lat' dir='ltr'>junior,</span> <span class='ocrx_word' id='word_1_750' title='bbox 1159 4974 1174 5013; x_wconf 91' lang='lat' dir='ltr'>a</span> <span class='ocrx_word' id='word_1_751' title='bbox 1189 4975 1242 5030; x_wconf 91' lang='lat' dir='ltr'>quo</span> <span class='ocrx_word' id='word_1_752' title='bbox 1253 4973 1345 5013; x_wconf 85' lang='lat' dir='ltr'>rocem</span> <span class='ocrx_word' id='word_1_753' title='bbox 1361 4959 1429 5012; x_wconf 89' lang='lat' dir='ltr'>hanc</span> <span class='ocrx_word' id='word_1_754' title='bbox 1447 4955 1516 5010; x_wconf 86' lang='lat' dir='ltr'>haud</span> <span class='ocrx_word' id='word_1_755' title='bbox 1531 4954 1611 5010; x_wconf 87' lang='lat' dir='ltr'>dubie</span> <span class='ocrx_word' id='word_1_756' title='bbox 1626 4961 1767 5009; x_wconf 80' lang='lat' dir='ltr'>mutuatus</span> <span class='ocrx_word' id='word_1_757' title='bbox 1781 4963 1836 5021; x_wconf 88' lang='lat' dir='ltr'>est,</span> 
     </span>
     <span class='ocr_line' id='line_1_58' title="bbox 211 5021 1835 5098; baseline -0.008 -7"><span class='ocrx_word' id='word_1_758' title='bbox 211 5021 329 5091; x_wconf 74' lang='lat' dir='ltr'>fratrum.</span> <span class='ocrx_word' id='word_1_759' title='bbox 837 5044 844 5058; x_wconf 85' lang='lat'><strong>·</strong></span> <span class='ocrx_word' id='word_1_760' title='bbox 1047 5045 1075 5085; x_wconf 91' lang='lat' dir='ltr'>m</span> <span class='ocrx_word' id='word_1_761' title='bbox 1094 5031 1271 5098; x_wconf 87' lang='lat' dir='ltr'>descriptione</span> <span class='ocrx_word' id='word_1_762' title='bbox 1285 5027 1438 5083; x_wconf 75' lang='lat' dir='ltr'>Tuscanicae</span> <span class='ocrx_word' id='word_1_763' title='bbox 1452 5027 1522 5082; x_wconf 78' lang='lat' dir='ltr'>uillae</span> <span class='ocrx_word' id='word_1_764' title='bbox 1536 5039 1591 5081; x_wconf 76' lang='lat' dir='ltr'>suae</span> <span class='ocrx_word' id='word_1_765' title='bbox 1606 5023 1653 5080; x_wconf 90' lang='lat' dir='ltr'>lib.</span> <span class='ocrx_word' id='word_1_766' title='bbox 1667 5039 1693 5089; x_wconf 85' lang='lat' dir='ltr'>x,</span> <span class='ocrx_word' id='word_1_767' title='bbox 1709 5030 1791 5092; x_wconf 88' lang='lat' dir='ltr'>epist.</span> <span class='ocrx_word' id='word_1_768' title='bbox 1805 5025 1835 5089; x_wconf 87' lang='lat' dir='ltr'>ti,</span> 
     </span>
     <span class='ocr_line' id='line_1_59' title="bbox 239 5093 1839 5172; baseline 0.001 -25"><span class='ocrx_word' id='word_1_769' title='bbox 239 5102 261 5131; x_wconf 86' lang='lat'>··</span> <span class='ocrx_word' id='word_1_770' title='bbox 275 5094 304 5148; x_wconf 92' lang='lat' dir='ltr'>lu</span> <span class='ocrx_word' id='word_1_771' title='bbox 318 5093 451 5164; x_wconf 83' lang='lat' dir='ltr'>aliquibus</span> <span class='ocrx_word' id='word_1_772' title='bbox 466 5093 541 5149; x_wconf 90' lang='lat' dir='ltr'>libris</span> <span class='ocrx_word' id='word_1_773' title='bbox 554 5095 671 5162; x_wconf 69' lang='lat' dir='ltr'>fluuium.</span> <span class='ocrx_word' id='word_1_774' title='bbox 746 5140 750 5152; x_wconf 94' lang='lat'>.</span> <span class='ocrx_word' id='word_1_775' title='bbox 1005 5106 1007 5111; x_wconf 82' lang='lat'>&#39;</span> <span class='ocrx_word' id='word_1_776' title='bbox 1047 5100 1329 5172; x_wconf 82' lang='lat' dir='ltr'>hypodromumxocat</span> <span class='ocrx_word' id='word_1_777' title='bbox 1342 5096 1457 5152; x_wconf 82' lang='lat' dir='ltr'>nativam</span> <span class='ocrx_word' id='word_1_778' title='bbox 1469 5095 1752 5166; x_wconf 84' lang='lat' dir='ltr'>porticum,eunsertls</span> <span class='ocrx_word' id='word_1_779' title='bbox 1765 5093 1839 5149; x_wconf 87' lang='lat' dir='ltr'>iuter</span> 
     </span>
     <span class='ocr_line' id='line_1_60' title="bbox 251 5159 1835 5247; baseline -0.007 -20"><span class='ocrx_word' id='word_1_780' title='bbox 251 5159 261 5199; x_wconf 75' lang='lat'><strong><em>¹</em></strong></span> <span class='ocrx_word' id='word_1_781' title='bbox 275 5163 302 5217; x_wconf 75' lang='lat'>¹¹¹</span> <span class='ocrx_word' id='word_1_782' title='bbox 317 5165 448 5247; x_wconf 67' lang='lat' dir='ltr'>aliquibus</span> <span class='ocrx_word' id='word_1_783' title='bbox 462 5163 536 5218; x_wconf 70' lang='lat' dir='ltr'>libris</span> <span class='ocrx_word' id='word_1_784' title='bbox 550 5164 646 5221; x_wconf 84' lang='lat' dir='ltr'>littora.</span> <span class='ocrx_word' id='word_1_785' title='bbox 752 5230 757 5240; x_wconf 58' lang='grc'><em>,</em></span> <span class='ocrx_word' id='word_1_786' title='bbox 1046 5185 1076 5227; x_wconf 87' lang='lat' dir='ltr'>se</span> <span class='ocrx_word' id='word_1_787' title='bbox 1085 5185 1116 5226; x_wconf 91' lang='lat' dir='ltr'>ac</span> <span class='ocrx_word' id='word_1_788' title='bbox 1127 5170 1233 5227; x_wconf 87' lang='lat' dir='ltr'>rellexis</span> <span class='ocrx_word' id='word_1_789' title='bbox 1243 5170 1369 5224; x_wconf 91' lang='lat' dir='ltr'>arborum</span> <span class='ocrx_word' id='word_1_790' title='bbox 1380 5167 1503 5224; x_wconf 88' lang='lat' dir='ltr'>lruticum</span> <span class='ocrx_word' id='word_1_791' title='bbox 1524 5181 1557 5220; x_wconf 93' lang='lat' dir='ltr'>ue</span> <span class='ocrx_word' id='word_1_792' title='bbox 1567 5165 1649 5221; x_wconf 87' lang='lat' dir='ltr'>ramis</span> <span class='ocrx_word' id='word_1_793' title='bbox 1661 5172 1835 5228; x_wconf 80' lang='lat' dir='ltr'>corxtcxtam;</span> 
     </span>
     <span class='ocr_line' id='line_1_61' title="bbox 247 5181 1839 5316; baseline 0.001 -29"><span class='ocrx_word' id='word_1_794' title='bbox 247 5232 387 5315; x_wconf 62' lang='lat' dir='ltr'>allollyna</span> <span class='ocrx_word' id='word_1_795' title='bbox 397 5233 460 5316; x_wconf 80' lang='lat' dir='ltr'>quid</span> <span class='ocrx_word' id='word_1_796' title='bbox 475 5234 528 5290; x_wconf 91' lang='lat' dir='ltr'>siut</span> <span class='ocrx_word' id='word_1_797' title='bbox 547 5233 596 5290; x_wconf 92' lang='lat' dir='ltr'>hoc</span> <span class='ocrx_word' id='word_1_798' title='bbox 611 5234 669 5291; x_wconf 89' lang='lat' dir='ltr'>loco</span> <span class='ocrx_word' id='word_1_799' title='bbox 684 5249 737 5292; x_wconf 91' lang='lat' dir='ltr'>non</span> <span class='ocrx_word' id='word_1_800' title='bbox 751 5238 839 5307; x_wconf 87' lang='lat' dir='ltr'>capio.</span> <span class='ocrx_word' id='word_1_801' title='bbox 860 5240 995 5311; x_wconf 88' lang='lat' dir='ltr'>Scriptum</span> <span class='ocrx_word' id='word_1_802' title='bbox 1046 5242 1137 5311; x_wconf 89' lang='lat' dir='ltr'>quales</span> <span class='ocrx_word' id='word_1_803' title='bbox 1159 5256 1218 5311; x_wconf 79' lang='lat' dir='ltr'>qna</span> <span class='ocrx_word' id='word_1_804' title='bbox 1232 5241 1258 5293; x_wconf 88' lang='lat' dir='ltr'>ln</span> <span class='ocrx_word' id='word_1_805' title='bbox 1275 5239 1357 5293; x_wconf 90' lang='lat' dir='ltr'>hortis</span> <span class='ocrx_word' id='word_1_806' title='bbox 1373 5247 1469 5293; x_wconf 86' lang='lat' dir='ltr'>natura</span> <span class='ocrx_word' id='word_1_807' title='bbox 1482 5181 1525 5292; x_wconf 61' lang='lat' dir='ltr'>vd</span> <span class='ocrx_word' id='word_1_808' title='bbox 1542 5244 1599 5290; x_wconf 90' lang='lat' dir='ltr'>arte</span> <span class='ocrx_word' id='word_1_809' title='bbox 1614 5234 1670 5291; x_wconf 84' lang='lat' dir='ltr'>lieri</span> <span class='ocrx_word' id='word_1_810' title='bbox 1689 5232 1792 5300; x_wconf 86' lang='lat' dir='ltr'>solent,</span> <span class='ocrx_word' id='word_1_811' title='bbox 1808 5243 1839 5315; x_wconf 78' lang='lat' dir='ltr'>et</span> 
     </span>
     <span class='ocr_line' id='line_1_62' title="bbox 211 5302 1840 5400; baseline 0 -41"><span class='ocrx_word' id='word_1_812' title='bbox 211 5302 370 5384; x_wconf 67' lang='lat' dir='ltr'>crediderim</span> <span class='ocrx_word' id='word_1_813' title='bbox 382 5318 397 5382; x_wconf 93' lang='lat' dir='ltr'>a</span> <span class='ocrx_word' id='word_1_814' title='bbox 411 5305 521 5360; x_wconf 84' lang='lat' dir='ltr'>Sidonio</span> <span class='ocrx_word' id='word_1_815' title='bbox 534 5306 651 5361; x_wconf 84' lang='lat' dir='ltr'>coluriis.</span> <span class='ocrx_word' id='word_1_816' title='bbox 661 5306 786 5378; x_wconf 82' lang='lat' dir='ltr'>intelligit</span> <span class='ocrx_word' id='word_1_817' title='bbox 797 5310 868 5368; x_wconf 85' lang='lat' dir='ltr'>enixu</span> <span class='ocrx_word' id='word_1_818' title='bbox 880 5312 947 5381; x_wconf 90' lang='lat' dir='ltr'>pilas</span> <span class='ocrx_word' id='word_1_819' title='bbox 962 5326 996 5367; x_wconf 89' lang='lat' dir='ltr'>ex</span> <span class='ocrx_word' id='word_1_820' title='bbox 1046 5312 1151 5400; x_wconf 82' lang='lat' dir='ltr'>qualem</span> <span class='ocrx_word' id='word_1_821' title='bbox 1163 5309 1338 5376; x_wconf 83' lang='lat' dir='ltr'>inlloroangn</span> <span class='ocrx_word' id='word_1_822' title='bbox 1352 5308 1529 5378; x_wconf 73' lang='lat' dir='ltr'>hppollinaris</span> <span class='ocrx_word' id='word_1_823' title='bbox 1539 5306 1581 5361; x_wconf 92' lang='lat' dir='ltr'>sul</span> <span class='ocrx_word' id='word_1_824' title='bbox 1598 5304 1697 5375; x_wconf 82' lang='lat' dir='ltr'>praedio</span> <span class='ocrx_word' id='word_1_825' title='bbox 1714 5302 1840 5373; x_wconf 82' lang='lat' dir='ltr'>depingit</span> 
     </span>
     <span class='ocr_line' id='line_1_63' title="bbox 212 5372 1839 5459; baseline 0.003 -33"><span class='ocrx_word' id='word_1_826' title='bbox 212 5372 333 5456; x_wconf 77' lang='lat' dir='ltr'>pluribus</span> <span class='ocrx_word' id='word_1_827' title='bbox 344 5374 415 5429; x_wconf 89' lang='lat' dir='ltr'>saxis</span> <span class='ocrx_word' id='word_1_828' title='bbox 429 5374 456 5430; x_wconf 93' lang='lat' dir='ltr'>in</span> <span class='ocrx_word' id='word_1_829' title='bbox 469 5375 561 5432; x_wconf 88' lang='lat' dir='ltr'>urbem</span> <span class='ocrx_word' id='word_1_830' title='bbox 576 5376 670 5433; x_wconf 90' lang='lat' dir='ltr'>accisis</span> <span class='ocrx_word' id='word_1_831' title='bbox 680 5387 829 5436; x_wconf 88' lang='lat' dir='ltr'>exstructas</span> <span class='ocrx_word' id='word_1_832' title='bbox 841 5398 848 5436; x_wconf 77' lang='grc' dir='ltr'>ε</span> <span class='ocrx_word' id='word_1_833' title='bbox 859 5396 925 5451; x_wconf 92' lang='lat' dir='ltr'>quas</span> <span class='ocrx_word' id='word_1_834' title='bbox 936 5382 996 5437; x_wconf 93' lang='lat' dir='ltr'>idco</span> <span class='ocrx_word' id='word_1_835' title='bbox 1046 5381 1172 5438; x_wconf 77' lang='lat' dir='ltr'>bidonius</span> <span class='ocrx_word' id='word_1_836' title='bbox 1186 5381 1211 5434; x_wconf 91' lang='lat' dir='ltr'>in</span> <span class='ocrx_word' id='word_1_837' title='bbox 1228 5379 1425 5449; x_wconf 88' lang='lat' dir='ltr'>Propemptico.</span> <span class='ocrx_word' id='word_1_838' title='bbox 1437 5377 1510 5433; x_wconf 85' lang='lat' dir='ltr'>Talis</span> <span class='ocrx_word' id='word_1_839' title='bbox 1524 5384 1552 5433; x_wconf 92' lang='lat' dir='ltr'>et</span> <span class='ocrx_word' id='word_1_840' title='bbox 1564 5377 1635 5431; x_wconf 86' lang='lat' dir='ltr'>ritca</span> <span class='ocrx_word' id='word_1_841' title='bbox 1647 5373 1768 5459; x_wconf 82' lang='lat' dir='ltr'>porticus</span> <span class='ocrx_word' id='word_1_842' title='bbox 1779 5374 1839 5444; x_wconf 76' lang='lat' dir='ltr'>cy-</span> 
     </span>
     <span class='ocr_line' id='line_1_64' title="bbox 212 5443 1841 5527; baseline 0.001 -28"><span class='ocrx_word' id='word_1_843' title='bbox 212 5443 343 5527; x_wconf 78' lang='lat' dir='ltr'>culumuts</span> <span class='ocrx_word' id='word_1_844' title='bbox 361 5444 490 5515; x_wconf 89' lang='lat' dir='ltr'>opponit,</span> <span class='ocrx_word' id='word_1_845' title='bbox 508 5453 538 5501; x_wconf 94' lang='lat' dir='ltr'>ut</span> <span class='ocrx_word' id='word_1_846' title='bbox 557 5447 635 5516; x_wconf 88' lang='lat' dir='ltr'>paulo</span> <span class='ocrx_word' id='word_1_847' title='bbox 652 5452 774 5521; x_wconf 90' lang='lat' dir='ltr'>superius</span> <span class='ocrx_word' id='word_1_848' title='bbox 796 5467 841 5505; x_wconf 85' lang='lat' dir='ltr'>nec</span> <span class='ocrx_word' id='word_1_849' title='bbox 862 5453 921 5522; x_wconf 77' lang='lat' dir='ltr'>pile</span> <span class='ocrx_word' id='word_1_850' title='bbox 935 5459 994 5506; x_wconf 88' lang='lat' dir='ltr'>sunt</span> <span class='ocrx_word' id='word_1_851' title='bbox 1047 5451 1139 5522; x_wconf 88' lang='lat' dir='ltr'>priano</span> <span class='ocrx_word' id='word_1_852' title='bbox 1154 5452 1180 5506; x_wconf 88' lang='lat' dir='ltr'>in</span> <span class='ocrx_word' id='word_1_853' title='bbox 1194 5449 1333 5520; x_wconf 88' lang='lat' dir='ltr'>epistolam</span> <span class='ocrx_word' id='word_1_854' title='bbox 1348 5447 1381 5504; x_wconf 90' lang='lat' dir='ltr'>ad</span> <span class='ocrx_word' id='word_1_855' title='bbox 1395 5449 1537 5504; x_wconf 82' lang='lat' dir='ltr'>Donatum.</span> <span class='ocrx_word' id='word_1_856' title='bbox 1554 5446 1634 5512; x_wconf 75' lang='lat' dir='ltr'>dant,</span> <span class='ocrx_word' id='word_1_857' title='bbox 1648 5445 1747 5517; x_wconf 87' lang='lat' dir='ltr'>utquit,</span> <span class='ocrx_word' id='word_1_858' title='bbox 1760 5461 1841 5501; x_wconf 70' lang='grc' dir='ltr'>κιαι-</span> 
     </span>
     <span class='ocr_line' id='line_1_65' title="bbox 212 5514 1842 5588; baseline 0.001 -20"><span class='ocrx_word' id='word_1_859' title='bbox 212 5515 313 5582; x_wconf 76' lang='lat' dir='ltr'>medtae&#39;,</span> <span class='ocrx_word' id='word_1_860' title='bbox 332 5514 377 5570; x_wconf 84' lang='lat' dir='ltr'>ted</span> <span class='ocrx_word' id='word_1_861' title='bbox 390 5515 533 5583; x_wconf 74' lang='lat' dir='ltr'>columae,-</span> <span class='ocrx_word' id='word_1_862' title='bbox 553 5519 615 5588; x_wconf 90' lang='lat' dir='ltr'>quia</span> <span class='ocrx_word' id='word_1_863' title='bbox 633 5520 764 5576; x_wconf 76' lang='lat' dir='ltr'>columnas</span> <span class='ocrx_word' id='word_1_864' title='bbox 782 5534 815 5576; x_wconf 81' lang='lat' dir='ltr'>es</span> <span class='ocrx_word' id='word_1_865' title='bbox 830 5523 909 5578; x_wconf 91' lang='lat' dir='ltr'>unico</span> <span class='ocrx_word' id='word_1_866' title='bbox 928 5522 994 5579; x_wconf 93' lang='lat' dir='ltr'>liunt</span> <span class='ocrx_word' id='word_1_867' title='bbox 1045 5522 1196 5576; x_wconf 83' lang='lat' dir='ltr'>xumoiciua</span> <span class='ocrx_word' id='word_1_868' title='bbox 1209 5529 1305 5575; x_wconf 80' lang='lat' dir='ltr'>setrrctu</span> <span class='ocrx_word' id='word_1_869' title='bbox 1319 5520 1381 5573; x_wconf 86' lang='lat' dir='ltr'>:nbi</span> <span class='ocrx_word' id='word_1_870' title='bbox 1396 5518 1457 5574; x_wconf 85' lang='lat' dir='ltr'>dum</span> <span class='ocrx_word' id='word_1_871' title='bbox 1479 5519 1580 5573; x_wconf 80' lang='lat' dir='ltr'>erratici</span> <span class='ocrx_word' id='word_1_872' title='bbox 1595 5516 1732 5587; x_wconf 82' lang='lat' dir='ltr'>palmitum</span> <span class='ocrx_word' id='word_1_873' title='bbox 1749 5514 1842 5585; x_wconf 77' lang='lat' dir='ltr'>lapsu</span> 
     </span>
    </p>
   </div>
   <div class='ocr_carea' id='block_1_7' title="bbox 212 5582 1844 5875">
    <p class='ocr_par' dir='ltr' id='par_1_7' title="bbox 212 5582 1844 5875">
     <span class='ocr_line' id='line_1_66' title="bbox 212 5582 1843 5662; baseline 0 -24"><span class='ocrx_word' id='word_1_874' title='bbox 212 5582 317 5655; x_wconf 84' lang='lat' dir='ltr'>lapids,</span> <span class='ocrx_word' id='word_1_875' title='bbox 335 5586 428 5657; x_wconf 82' lang='lat' dir='ltr'>pilae</span> <span class='ocrx_word' id='word_1_876' title='bbox 450 5588 551 5652; x_wconf 87' lang='lat' dir='ltr'>multis.</span> <span class='ocrx_word' id='word_1_877' title='bbox 566 5587 635 5644; x_wconf 83' lang='lat' dir='ltr'>Saxa</span> <span class='ocrx_word' id='word_1_878' title='bbox 655 5599 743 5648; x_wconf 81' lang='lat' dir='ltr'>autem</span> <span class='ocrx_word' id='word_1_879' title='bbox 765 5591 793 5646; x_wconf 90' lang='lat' dir='ltr'>in</span> <span class='ocrx_word' id='word_1_880' title='bbox 814 5592 907 5648; x_wconf 83' lang='lat' dir='ltr'>orbem</span> <span class='ocrx_word' id='word_1_881' title='bbox 924 5606 993 5648; x_wconf 69' lang='lat' dir='ltr'>caesa</span> <span class='ocrx_word' id='word_1_882' title='bbox 1020 5626 1022 5631; x_wconf 70' lang='lat'>,</span> <span class='ocrx_word' id='word_1_883' title='bbox 1047 5592 1152 5648; x_wconf 76' lang='lat' dir='ltr'>ossibus</span> <span class='ocrx_word' id='word_1_884' title='bbox 1163 5590 1282 5662; x_wconf 82' lang='lat' dir='ltr'>pendulis</span> <span class='ocrx_word' id='word_1_885' title='bbox 1297 5606 1341 5661; x_wconf 82' lang='lat' dir='ltr'>per</span> <span class='ocrx_word' id='word_1_886' title='bbox 1356 5591 1496 5645; x_wconf 79' lang='lat' dir='ltr'>arundines</span> <span class='ocrx_word' id='word_1_887' title='bbox 1509 5587 1610 5644; x_wconf 81' lang='lat' dir='ltr'>bu‘ulua</span> <span class='ocrx_word' id='word_1_888' title='bbox 1624 5603 1652 5645; x_wconf 84' lang='lat' dir='ltr'>rs</span> <span class='ocrx_word' id='word_1_889' title='bbox 1671 5596 1729 5654; x_wconf 77' lang='lat' dir='ltr'>unt,</span> <span class='ocrx_word' id='word_1_890' title='bbox 1744 5587 1843 5640; x_wconf 81' lang='lat' dir='ltr'>niteant</span> 
     </span>
     <span class='ocr_line' id='line_1_67' title="bbox 212 5604 1843 5742; baseline 0.001 -31"><span class='ocrx_word' id='word_1_891' title='bbox 212 5668 266 5737; x_wconf 79' lang='lat' dir='ltr'>non</span> <span class='ocrx_word' id='word_1_892' title='bbox 298 5666 404 5715; x_wconf 86' lang='lat' dir='ltr'>oteraut</span> <span class='ocrx_word' id='word_1_893' title='bbox 417 5658 647 5742; x_wconf 26' lang='lat' dir='ltr'>aptiusnappellerl</span> <span class='ocrx_word' id='word_1_894' title='bbox 668 5677 747 5733; x_wconf 91' lang='lat' dir='ltr'>quam</span> <span class='ocrx_word' id='word_1_895' title='bbox 765 5660 905 5719; x_wconf 85' lang='lat' dir='ltr'>rotundatu</span> <span class='ocrx_word' id='word_1_896' title='bbox 919 5662 994 5718; x_wconf 90' lang='lat' dir='ltr'>colu·</span> <span class='ocrx_word' id='word_1_897' title='bbox 1046 5663 1172 5735; x_wconf 73' lang='lat' dir='ltr'>parthum</span> <span class='ocrx_word' id='word_1_898' title='bbox 1185 5660 1294 5735; x_wconf 71' lang='lat' dir='ltr'>[rondes</span> <span class='ocrx_word' id='word_1_899' title='bbox 1305 5668 1371 5716; x_wconf 84' lang='lat' dir='ltr'>tectu</span> <span class='ocrx_word' id='word_1_900' title='bbox 1383 5665 1507 5730; x_wconf 78' lang='lat' dir='ltr'>fecarunt.</span> <span class='ocrx_word' id='word_1_901' title='bbox 1519 5608 1599 5719; x_wconf 61' lang='lat' dir='ltr'>citati</span> <span class='ocrx_word' id='word_1_902' title='bbox 1609 5604 1843 5740; x_wconf 33' lang='lat' dir='ltr'>terga-interpre-</span> 
     </span>
     <span class='ocr_line' id='line_1_68' title="bbox 212 5728 1842 5802; baseline 0.001 -21"><span class='ocrx_word' id='word_1_903' title='bbox 212 5739 262 5781; x_wconf 90' lang='lat' dir='ltr'>rra.</span> <span class='ocrx_word' id='word_1_904' title='bbox 315 5729 372 5789; x_wconf 89' lang='lat' dir='ltr'>lura</span> <span class='ocrx_word' id='word_1_905' title='bbox 395 5744 467 5787; x_wconf 85' lang='lat' dir='ltr'>entur</span> <span class='ocrx_word' id='word_1_906' title='bbox 492 5728 616 5785; x_wconf 86' lang='lat' dir='ltr'>dicuntur</span> <span class='ocrx_word' id='word_1_907' title='bbox 631 5744 690 5800; x_wconf 78' lang='lat' dir='ltr'>quae</span> <span class='ocrx_word' id='word_1_908' title='bbox 715 5739 834 5789; x_wconf 87' lang='lat' dir='ltr'>extrema</span> <span class='ocrx_word' id='word_1_909' title='bbox 850 5734 891 5788; x_wconf 91' lang='lat' dir='ltr'>sui</span> <span class='ocrx_word' id='word_1_910' title='bbox 919 5742 994 5802; x_wconf 86' lang='lat' dir='ltr'>parte</span> <span class='ocrx_word' id='word_1_911' title='bbox 1047 5733 1241 5791; x_wconf 82' lang='lat' dir='ltr'>urtonenme</span> <span class='ocrx_word' id='word_1_912' title='bbox 1259 5741 1304 5790; x_wconf 82' lang='grc' dir='ltr'>ιιι</span> <span class='ocrx_word' id='word_1_913' title='bbox 1320 5751 1326 5785; x_wconf 90' lang='lat'>:</span> <span class='ocrx_word' id='word_1_914' title='bbox 1343 5731 1475 5789; x_wconf 87' lang='lat' dir='ltr'>ascribam</span> <span class='ocrx_word' id='word_1_915' title='bbox 1489 5739 1590 5796; x_wconf 80' lang='lat' dir='ltr'>mmeu,</span> <span class='ocrx_word' id='word_1_916' title='bbox 1606 5737 1684 5786; x_wconf 82' lang='lat' dir='ltr'>etex</span> <span class='ocrx_word' id='word_1_917' title='bbox 1698 5734 1842 5785; x_wconf 81' lang='grc' dir='ltr'>ιιιιιιιιι</span> 
     </span>
     <span class='ocr_line' id='line_1_69' title="bbox 212 5749 1844 5875; baseline 0.005 -25"><span class='ocrx_word' id='word_1_918' title='bbox 212 5802 574 5873; x_wconf 62' lang='lat' dir='ltr'>inexaminatamque</span> <span class='ocrx_word' id='word_1_919' title='bbox 588 5801 685 5872; x_wconf 68' lang='lat' dir='ltr'>cirpea</span> <span class='ocrx_word' id='word_1_920' title='bbox 698 5801 887 5875; x_wconf 82' lang='lat' dir='ltr'>interpretatur</span> <span class='ocrx_word' id='word_1_921' title='bbox 899 5801 995 5862; x_wconf 87' lang='lat' dir='ltr'>Suidax</span> <span class='ocrx_word' id='word_1_922' title='bbox 1048 5804 1224 5874; x_wconf 74' lang='lat' dir='ltr'>timeanture</span> <span class='ocrx_word' id='word_1_923' title='bbox 1233 5749 1271 5861; x_wconf 65' lang='lat' dir='ltr'>titt</span> <span class='ocrx_word' id='word_1_924' title='bbox 1283 5801 1483 5869; x_wconf 78' lang='lat' dir='ltr'>perstandum</span> <span class='ocrx_word' id='word_1_925' title='bbox 1494 5799 1659 5858; x_wconf 77' lang='lat' dir='ltr'>reddendam</span> <span class='ocrx_word' id='word_1_926' title='bbox 1670 5812 1844 5859; x_wconf 69' lang='lat' dir='ltr'>musonem</span> 
     </span>
    </p>
   </div>
   <div class='ocr_carea' id='block_1_8' title="bbox 0 0 1927 6244">
    <p class='ocr_par' dir='ltr' id='par_1_8' title="bbox 0 0 1927 6244">
     <span class='ocr_line' id='line_1_70' title="bbox 0 0 1927 6244; baseline 0 0"><span class='ocrx_word' id='word_1_927' title='bbox 0 0 1927 6244; x_wconf 95' lang='lat' dir='ltr'> </span> 
     </span>
    </p>
   </div>
  </div>
 </body>
</html>
