3810 6254
131 270 179 328 tel
604 254 776 318 stenholt
789 252 841 311 er
860 244 1038 306 ttcrottlltt
1060 250 1240 311 tlteusblt.
1714 246 1768 302 ὅθι

162 379 286 456 martgres
300 388 323 437 el
343 377 510 450 corsiessorcs,
525 374 552 430 hi
571 375 729 446 potissmium
745 369 788 442 qai
808 380 916 440 mactra
929 367 955 428 h
970 363 1134 420 Conditorem
1146 366 1296 448 irruptorem,
1310 365 1353 435 qui
1367 363 1533 420 recentiorem
1543 361 1580 417 eis
1592 369 1711 417 araturam
1727 362 1770 419 dia

165 457 253 527 linqua
264 451 439 524 loquebantur.
971 436 1045 489 tertia
1056 447 1111 506 post
1125 439 1245 520 largitur,
1262 452 1314 520 non
1329 437 1391 489 dato
1406 434 1509 518 quidem
1528 433 1635 489 atterius
1655 432 1768 502 linquis,

969 506 1015 561 sed
1036 505 1167 575 facultatis
1192 524 1247 562 siue
1271 508 1358 578 imque
1384 506 1538 572 artacuiate,
1558 519 1635 572 quatu
1656 520 1770 575 uuquam

165 580 918 662 l.PaulapostinitamcumZeuoneimperatorepacem,
971 587 1058 642 antra,
1076 579 1146 648 qnod
1161 579 1251 633 uellent
1268 578 1401 649 eloquendi
1416 592 1531 631 manere.
1553 575 1669 630 ‘latitura
1687 590 1769 644 porro

130 662 300 725 Geusericas,
309 666 364 729 post
374 655 512 710 multarum
521 652 710 725 prouinciarum
721 649 818 716 clades,
833 645 920 716 inquit
972 647 1129 704 miraculum
1145 663 1198 704 nou
1217 649 1322 718 uulgari
1336 663 1460 714 rumore,
1474 656 1520 702 aut
1532 660 1565 701 ex
1576 646 1692 702 aliorum
1703 661 1770 717 quo·

130 732 222 788 Victor
243 728 431 786 Tuuuoacnsis
447 727 473 781 in
489 724 639 789 Chronico,
655 731 678 777 et
690 718 830 776 Christiani
848 715 919 787 apud
972 720 1104 788 rumpiaur
1121 720 1251 776 relatione
1264 719 1400 790 accepisse
1415 718 1519 775 sedicit
1534 717 1586 772 iste
1597 728 1708 782 auctor;
1721 717 1770 772 sod

130 802 244 874 Africam
258 797 346 870 popuii
363 797 446 869 spolia
465 805 541 866 atque
555 810 646 858 trecea,
665 809 680 848 e
698 791 767 845 risis
787 787 918 853 excessit,
971 803 1058 843 rema
1077 791 1166 858 seipse
1181 791 1385 859 diligentissime
1402 789 1569 859 exploratam
1583 787 1666 845 [uisse
1688 796 1769 843 testa·

129 887 214 935 anuo,
232 883 260 926 ιιι
273 880 366 926 ιιιιιι
379 875 421 922 est
435 867 592 936 Procopius,
608 872 670 935 post
684 870 789 930 captam
805 859 918 913 cirtha-
971 868 1026 925 ¹tur,
1043 875 1076 915 ue
1090 863 1161 915 ullus
1178 871 1332 917 remaneret
1347 860 1419 916 dubii
1433 900 1439 921 ,
1456 868 1505 914 aut
1525 860 1594 914 idrte
1608 859 1770 927 suspicionis

129 944 216 1012 giuem
228 941 364 1012 trigesimo
376 940 500 1008 septimo,
512 950 607 1004 rtrrmpe
619 933 827 1005 quadragesimo
842 927 917 996 regni
973 930 1058 985 locus.
1075 930 1134 1002 lpse
1149 946 1206 1002 epo,
1222 932 1318 1001 inquit,
1345 949 1388 987 eos
1406 931 1475 985 uiros
1497 930 1571 998 ridi,
1592 940 1617 984 et
1641 930 1771 1000 loquentes

129 1015 171 1070 soi
192 1027 278 1078 auno,
297 1009 401 1081 Olybrio
415 1016 437 1062 et
451 1007 555 1065 lirratico
570 1004 728 1067 consulibus,
745 1001 770 1056 id
790 1009 842 1066 est,
859 1013 921 1052 msto
973 1002 1075 1066 autliri,
1090 1011 1112 1055 et
1132 1017 1216 1057 uocem
1234 1004 1299 1056 adeo
1313 1002 1473 1057 articulatam
1490 1017 1544 1056 esse
1565 1016 1638 1071 passe
1662 1001 1771 1057 miratus

129 1085 174 1140 vul
194 1084 246 1139 aris
256 1096 327 1136 auno
337 1077 399 1144 llll,
414 1089 443 1133 ut
453 1076 547 1132 scribit
557 1075 647 1132 Victor
660 1069 851 1128 Tuauoneusis
862 1067 921 1122 loco
973 1087 1029 1126 ιιιιιι
1044 1087 1054 1127 .·
1070 1074 1266 1127 instrumentum
1279 1075 1347 1128 occis
1365 1072 1541 1140 inquirebam,
1559 1081 1583 1126 et
1597 1070 1704 1126 auribus
1718 1089 1770 1128 uos

130 1101 237 1211 laniato
251 1152 317 1210 :sed
329 1158 473 1219 atrumque
486 1162 500 1201 a
511 1161 577 1202 uero
590 1147 730 1201 aberrasse
742 1155 821 1196 uerno
836 1138 921 1195 ambi·
973 1143 1099 1208 credens,
1120 1144 1202 1199 ocutis
1219 1144 1356 1216 judicandi
1379 1159 1473 1198 marrus
1495 1143 1596 1207 rearisi;
1623 1152 1701 1209 atque
1726 1159 1771 1199 ore

148 1226 182 1290 it;
206 1223 311 1280 tametsi
333 1220 456 1276 eumdem
478 1232 598 1274 errorem
620 1224 730 1270 secutus
746 1220 788 1268 est
804 1210 922 1266 isidorus
973 1221 1062 1284 aperto
1073 1214 1189 1285 linquam
1202 1224 1283 1272 talant
1297 1214 1420 1269 radicitus
1434 1214 1546 1268 euulsam
1559 1213 1611 1267 uidi
1620 1254 1628 1279 ,
1640 1230 1670 1268 aa
1684 1223 1771 1285 staps-

130 1310 157 1351 ιιι
184 1295 255 1351 brevi
277 1291 457 1347 vandalorum
483 1287 618 1354 Historia,
642 1285 686 1340 ubi
701 1282 818 1339 Victoris
839 1280 921 1336 verba
974 1287 1058 1354 {actus
1074 1285 1200 1350 ntirahar,
1218 1303 1269 1340 saon
1293 1302 1354 1340 sane
1366 1302 1416 1356 quo
1432 1294 1506 1354 puato
1526 1300 1611 1339 uocem
1624 1283 1772 1354 conforma-

130 1366 289 1437 descripsit:
304 1362 330 1418 iu
343 1363 394 1417 ime
406 1362 485 1415 etiarn
497 1359 591 1425 falsus,
604 1355 674 1427 quad
686 1356 778 1410 Romae
788 1350 921 1408 excidium
974 1364 1046 1421 rent,
1059 1355 1103 1409 sed
1117 1356 1244 1427 quomodo
1260 1355 1403 1411 corrserrati
1417 1364 1511 1411 esseut.
1530 1354 1600 1409 Dicit
1614 1357 1771 1411 niedicarsar

130 1437 364 1508 Augustorumque
378 1431 560 1501 captivitatem
577 1439 637 1497 post
653 1424 791 1494 Maioriani
807 1423 923 1491 impers-
974 1425 1101 1490 doctrina,
1118 1436 1274 1481 contestatur
1289 1429 1365 1481 etiarn
1377 1436 1401 1481 rt
1414 1435 1521 1490 natura,
1537 1426 1599 1496 quia
1617 1426 1713 1496 diraque
1731 1426 1772 1483 irs-

132 1511 197 1563 toris
216 1516 330 1562 mertam
349 1503 493 1572 contigisse
507 1498 679 1554 existimarit.
696 1495 743 1551 liei
769 1494 870 1549 ueritas
889 1505 922 1546 ex
975 1494 1048 1561 cisio,
1065 1496 1206 1566 interiectio
1226 1506 1263 1551 est
1282 1500 1338 1570 ejus
1352 1513 1429 1568 aque
1442 1497 1575 1550 inciditur.
1593 1493 1666 1552 ldcttt
1688 1503 1773 1553 testa·

131 1578 248 1633 Historia
263 1575 377 1631 Victoria
392 1572 509 1628 iliterrsis
525 1569 613 1639 potins
626 1576 668 1623 cst
690 1563 855 1634 repetenda,
877 1561 923 1633 qui
976 1574 1019 1619 tar
1043 1567 1174 1622 Eusebius
1195 1568 1338 1623 occasione
1362 1568 1447 1624 sancti
1470 1565 1606 1631 Romani,
1621 1576 1678 1622 uta
1692 1567 1772 1623 nobis

131 1647 159 1704 in
174 1648 226 1703 line
236 1648 297 1702 labri
311 1663 320 1701 ι
336 1643 510 1699 Gensericum
525 1641 642 1710 iureque
657 1638 731 1692 annis
745 1636 851 1706 triqinta
865 1649 923 1702 sep·
975 1636 1146 1692 obseruatum
1162 1648 1204 1694 cst
1222 1640 1249 1693 ιιι
1264 1639 1337 1694 dctis
1350 1639 1494 1709 Martyrum
1506 1636 1619 1694 sinceris
1630 1652 1691 1708 pag.
1705 1637 1770 1701 eal.

132 1729 182 1775 tem
196 1728 219 1772 et
236 1716 364 1772 meruitne
381 1713 460 1769 tribus
474 1713 581 1766 durasse
596 1719 718 1773 testatur,
735 1716 795 1777 post
817 1712 921 1786 captam
938 1707 1009 1808 Blit
1024 1707 1092 1763 torte
1106 1723 1137 1763 es
1155 1709 1206 1765 boc
1222 1708 1331 1766 Eusebii
1346 1709 1406 1764 loco
1416 1707 1518 1764 AEueas
1532 1707 1698 1764 medicorum
1714 1709 1772 1779 pla·

131 1788 236 1846 scilicet
248 1785 445 1855 Carthaginem,
460 1791 491 1837 ut
502 1797 534 1838 er
549 1780 680 1850 Procopio
693 1778 748 1848 jam
765 1778 922 1832 observavi·
976 1779 1058 1833 eitum
1073 1793 1129 1834 ase
1140 1779 1279 1835 laudatum
1295 1780 1437 1836 didicerat.
1454 1780 1538 1835 Porro
1557 1777 1669 1845 AEueas,
1684 1779 1774 1851 pitito·

131 1873 206 1923 must
228 1858 295 1912 alias
310 1870 374 1912 saue
396 1854 505 1909 Zenone
527 1852 643 1907 trandum
663 1852 813 1919 iurpcrauto
828 1845 924 1901 deiun-
976 1849 1080 1918 sophiae
1095 1849 1239 1906 Platonicae
1265 1860 1395 1915 sectator,
1409 1866 1443 1906 es
1461 1851 1573 1906 istorum
1585 1851 1773 1909 cantassemus

131 1937 191 1987 ctus
206 1929 309 1996 luisset,
323 1926 487 1997 quodnemo
503 1938 618 1991 uuquam
634 1919 741 1976 dixerit.
758 1919 848 1988 ltaque
860 1930 921 1971 curu
975 1920 1105 1975 miraculo
1136 1931 1321 1990 argumentum
1354 1921 1504 1978 deducebat
1535 1920 1568 1976 ad
1603 1920 1769 1991 probanda·

132 2015 165 2057 ca
177 1998 296 2054 omnium
307 2010 440 2053 consensu
451 1992 618 2062 Carthaginis
632 1991 764 2048 excidium
776 2003 846 2043 arum
859 1986 921 2068 idi,
975 2004 1118 2059 corporum
1135 1990 1250 2046 laturam
1264 1993 1507 2058 resurrectionem
1519 1993 1582 2063 qrrin
1594 2001 1621 2048 et
1631 1991 1732 2049 osinda
1741 2009 1773 2049 se

131 2084 226 2127 roense
238 2068 362 2125 Octobris
380 2067 537 2136 contigerit,
553 2073 625 2119 reete
645 2061 778 2128 colligitur
797 2057 923 2113 Geusert·
975 2059 1101 2117 didicisse
1115 2065 1264 2119 testabatur
1280 2064 1364 2119 licum
1385 2064 1421 2117 ita
1436 2077 1498 2118 esse
1511 2064 1646 2118 universa
1665 2072 1771 2121 namura

131 2155 193 2198 cum
218 2139 281 2196 suni
295 2139 348 2195 tlt
369 2139 444 2192 initio
457 2151 472 2191 e
484 2136 554 2189 rivis
569 2134 677 2188 abiisse.
693 2130 762 2199 Quin
781 2138 808 2184 ot
821 2142 882 2183 curu
896 2128 922 2184 in
976 2130 1128 2197 Dominum,
1139 2132 1345 2190 ntuilrilcaram
1355 2149 1415 2205 quae
1427 2133 1553 2189 ridentur
1563 2149 1653 2190 rerum
1663 2132 1773 2193 demitto

131 2210 216 2267 reteri
231 2214 379 2280 iragmeuto
390 2207 459 2278 quod
472 2204 595 2268 Prrisperi
610 2202 743 2257 Cluouico
755 2198 923 2268 snbjurrgltur
975 2216 1007 2256 ac
1021 2201 1102 2258 hrum
1118 2202 1273 2261 existimare
1296 2205 1456 2271 debeamus,
1473 2206 1495 2260 ai
1516 2204 1543 2260 id
1560 2205 1632 2261 bens
1648 2205 1708 2262 loco
1722 2220 1772 2263 suo

132 2282 159 2340 iu
174 2270 267 2337 codice
280 2281 433 2349 huguetauo
454 2276 524 2345 apud
537 2274 672 2330 Catiisimu
686 2281 759 2326 tomo
774 2271 784 2324 l
800 2270 923 2338 uitrique
975 2287 1085 2329 morere
1099 2275 1226 2331 uoluerit.
1759 2322 1767 2341 ,

132 2352 288 2417 Lectionis,
316 2352 369 2403 dies
396 2363 440 2402 see
463 2345 616 2417 supradicto
642 2356 754 2398 urrruero
776 2341 921 2406 addentur,
1010 2344 1773 2416 l.lietumajrniadhueadmiratiouediguamnarratura.

131 2423 312 2491 aliundeqoe,
336 2429 365 2475 ut
386 2418 503 2473 diximus
521 2431 549 2471 ea
572 2416 620 2478 ,5,
643 2413 746 2468 ιιιιιι.ι
770 2420 872 2490 certium
888 2410 924 2465 sit
974 2415 1771 2488 celliuuscomrsinClrrouico,puerumseilicetcatholicuru

132 2494 321 2561 cartilaginem
337 2504 382 2544 rur
400 2487 526 2544 calendas
563 2484 698 2540 oreirdrris
713 2490 817 2551 captain
831 2483 922 2548 luisse,
974 2486 1018 2555 qui
1028 2496 1204 2542 autearuutus
1215 2497 1282 2554 erut,
1295 2491 1405 2558 praecisa
1415 2490 1504 2559 lingua
1514 2490 1772 2548 rectaesiudelneu-

132 2572 205 2620 recto
219 2561 357 2618 Geuserici
371 2560 459 2614 obitus
474 2557 532 2611 ai.
548 2557 579 2610 C.
598 2554 711 2609 ilenrico
726 2553 831 2607 Norisio
852 2566 923 2607 auno
975 2562 1031 2609 tuus
1042 2555 1135 2612 inisse.
1148 2558 1282 2630 integrum
1293 2559 1477 2628 ejusanctoris
1488 2561 1574 2615 locum
1586 2561 1772 2632 reterrejure·

131 2633 248 2699 liidie
269 2630 304 2686 25
318 2630 435 2684 iarruarii
453 2626 623 2696 cerisiguatus
638 2631 680 2680 est
698 2623 744 2678 lib.
762 2638 780 2677 u
798 2621 923 2677 llistorie
974 2626 1019 2687 rit,
1035 2627 1185 2698 quippequi
1205 2631 1296 2700 paneis
1310 2632 1378 2686 hanc
1389 2629 1542 2686 hirieanam
1557 2632 1773 2700 persecutionem

133 2703 237 2774 Pelag,
253 2716 312 2772 cap.
327 2701 372 2755 el.
902 2761 908 2774 Ι
973 2697 1097 2766 attingit,
1112 2708 1139 2754 et
1150 2715 1194 2755 res
1207 2717 1221 2755 a
1234 2716 1264 2756 se
1274 2701 1344 2756 usas
1354 2701 1458 2757 scribit.
1472 2701 1530 2756 lud.
1544 2717 1597 2767 ιιι,
1613 2701 1771 2760 Tireodorica

167 2775 196 2831 ι.
213 2771 358 2829 Geuserico
373 2767 519 2823 llunericns
536 2765 665 2836 exipsius
681 2764 817 2819 hliisuatu
838 2776 921 2817 maru·
973 2775 998 2820 ιι
1016 2765 1151 2836 Vocontia,
1166 2787 1242 2835 coss,
1260 2771 1285 2825 id
1301 2785 1351 2838 rar,
1368 2788 1429 2827 :erae
1442 2771 1601 2829 Christiane
1614 2787 1686 2829 auno
1698 2773 1771 2841 tut,

133 2859 193 2900 mets
207 2843 350 2908 successit,
372 2841 407 2896 ob
422 2839 505 2906 ipsius
521 2839 547 2894 in
562 2838 738 2902 ertlrudonos,
755 2834 922 2903 potissimum
974 2847 1053 2891 toturn
1063 2855 1108 2909 per
1121 2840 1237 2911 Africam
1248 2841 1358 2897 crudetis
1373 2842 1496 2897 diederici
1511 2840 1689 2899 Vanduiaruur
1704 2846 1772 2917 regis

132 2915 312 2973 Ecclesiarorn
337 2912 488 2975 antistites,
516 2908 700 2964 crudelitatem
717 2904 843 2960 lamosus.
866 2903 922 2959 lloc
974 2908 1000 2962 in
1016 2918 1116 2964 nastros
1133 2911 1472 2980 catlraticaspersccurioim
1509 2914 1773 2971 rtaraest.lliaruea·

131 2988 229 3057 quippe
243 2985 302 3041 solo
316 2982 425 3039 noutiue
435 2980 504 3051 apud
517 2989 639 3036 auctores
653 2990 731 3033 notus
745 2985 801 3044 est,
824 2977 923 3045 qnippe
973 2979 1413 3053 sulatisdiduqatisqueplusquam
1431 2985 1465 3038 55
1495 2983 1773 3054 Orthodoaarussepi·

133 3071 213 3128 queas
229 3071 278 3112 nee
293 3070 336 3111 res
349 3056 375 3109 in
390 3053 466 3109 bellis
481 3051 609 3122 pidelan
622 3059 715 3120 gestu,
731 3061 781 3101 uee
792 3047 845 3100 nlla
863 3062 922 3101 ma·
975 3052 1069 3117 scopis,
1081 3053 1243 3124 ecclesiisque
1255 3071 1342 3109 eorum
1356 3054 1460 3120 clausis,
1478 3056 1548 3123 pleis
1563 3056 1676 3125 fidelium
1695 3057 1773 3113 sniis

133 3142 246 3198 guarum
262 3142 351 3182 rerum
365 3124 514 3194 expeditio,
526 3133 555 3177 ιιι
568 3121 594 3176 ιιι
606 3118 847 3200 putreseentigerat,
859 3118 921 3171 illu·
938 3114 961 3178 C
977 3123 1082 3177 subacta
1090 3124 1234 3193 suppliciis,
1243 3125 1531 3181 beatunacausuurmauit
1541 3143 1658 3198 ιιιιιιιι.
1671 3126 1774 3196 denes

132 3207 215 3255 utrem
226 3198 358 3254 iecerunt.
373 3197 418 3251 Sic
432 3195 504 3250 brevi
523 3196 592 3248 luter
608 3191 673 3246 aina
688 3205 746 3256 egris
762 3191 842 3243 ritarn
853 3203 926 3244 com-
978 3202 1039 3247 tunc
1051 3193 1118 3247 idem
1131 3210 1177 3248 rra
1191 3193 1353 3265 Harrericus,
1369 3195 1575 3252 uniuseathahai
1586 3197 1771 3264 adolescentia,

169 3269 233 3324 udio
242 3267 377 3323 concludit
388 3263 534 3334 Procopius
544 3263 629 3317 libror
640 3260 753 3316 deBello
763 3258 924 3316 Varidalieo:
977 3265 1056 3319 ritant
1070 3279 1086 3317 ιι
1101 3265 1232 3319 natiuitate
1244 3283 1291 3322 sua
1303 3268 1358 3321 sine
1369 3269 1423 3321 utta
1436 3283 1552 3323 sermone
1565 3269 1699 3334 ducentis,
1722 3269 1774 3325 tirs-

133 3283 199 3393 igarit
223 3339 263 3392 hic
285 3336 452 3401 Houoricus,
474 3336 578 3404 iuquit,
607 3334 633 3386 ia
652 3332 767 3400 dhisum
786 3330 927 3386 habitantes
977 3351 1055 3407 quant
1070 3338 1187 3407 praecepit
1200 3340 1294 3405 excidi,
1310 3338 1426 3406 idemque
1440 3348 1540 3404 nialus,
1560 3339 1628 3407 qued
1645 3339 1700 3393 siue
1721 3339 1774 3394 hs·

133 3407 292 3464 Christianos
306 3409 418 3462 oninium
432 3405 476 3473 qui
490 3419 604 3474 unquam
622 3403 692 3472 inere
704 3399 857 3455 saeuissirrrus
875 3401 928 3454 ini·
978 3421 1054 3460 mnno
1068 3407 1159 3459 auditu
1171 3405 1272 3463 Christo
1294 3409 1399 3462 credens
1409 3408 1464 3531 [ide
1479 3409 1619 3473 didicerat,
1635 3426 1697 3464 reos
1707 3425 1774 3479 pre·

134 3478 330 3550 quissimusque.
348 3476 381 3531 ti
399 3475 469 3530 enim
488 3476 516 3528 ιιι
531 3473 686 3527 driarmrum
700 3486 742 3526 eas
762 3471 856 3539 piacita
870 3488 928 3542 prr·
977 3479 1030 3530 airu
1050 3475 1098 3531 sibi
1110 3477 1199 3547 diuque
1212 3479 1312 3534 loculus
1322 3488 1357 3533 est
1369 3522 1377 3544 ,
1391 3496 1407 3549 q
1419 3479 1550 3551 eriemque
1569 3477 1624 3535 dieo
1637 3482 1664 3535 in
1686 3482 1773 3550 prisea

134 3550 235 3604 trohen
246 3551 341 3611 aciens,
358 3545 478 3615 quaesibi
493 3543 634 3598 obnitentes
654 3550 796 3611 reprcrerat,
821 3544 927 3612 flamma
977 3548 1045 3601 uocis
1059 3563 1114 3602 succ
1128 3550 1234 3603 ceordic
1248 3549 1328 3604 dedit.
1345 3548 1458 3619 Dareique
1472 3566 1505 3605 ca
1517 3550 1565 3605 hoc
1580 3550 1697 3623 pristinus
1710 3565 1775 3607 coa.-

132 3619 243 3690 aiiisqse
256 3618 409 3673 melotibus
424 3614 553 3669 enecabat.
571 3613 662 3668 diuitis
675 3624 698 3666 et
715 3612 815 3682 linquas
828 3613 928 3668 nrreiu·
979 3617 1093 3672 tabernis
1108 3619 1252 3690 aliquantas
1274 3637 1321 3692 eqo
1334 3620 1539 3692 religiosissimos
1553 3623 1635 3686 ciros,
1657 3623 1775 3693 precisis

136 3690 209 3746 debat
225 3689 376 3760 cicuribus,
390 3686 434 3758 qui
446 3701 502 3740 ntea
516 3686 593 3740 etiarn
605 3692 688 3739 ntutoe
695 3681 818 3755 Bgsartcii
835 3687 927 3739 amla-
978 3686 1087 3760 iinquis,
1104 3692 1219 3746 aturribus
1237 3691 1383 3755 truncatis,
1402 3691 1474 3761 apud
1494 3690 1651 3757 Bqaancirsnt
1675 3693 1774 3764 irrtrqrs

134 3760 233 3825 iaiarrt,
244 3763 343 3833 inteqra
354 3766 450 3812 utentes
459 3772 585 3824 sertuone,
597 3755 711 3826 nihilque
721 3757 752 3807 de
762 3762 843 3810 uetere
855 3771 928 3825 poena
981 3775 1040 3813 aare
1054 3761 1176 3829 conspexi
1189 3762 1330 3832 loquentes.
1346 3759 1407 3815 licea
1419 3761 1574 3816 Asianorum
1586 3760 1728 3817 crudeiites
1746 3765 1774 3818 ia

134 3831 341 3902 persentiscentes
368 3845 378 3884 .·
396 3845 409 3884 e
434 3828 504 3900 queis
519 3827 584 3894 duo,
603 3835 737 3896 postquam
756 3841 783 3880 se
797 3828 929 3897 prostituti
979 3830 1112 3901 reliqiosos
1134 3829 1230 3885 Christi
1253 3834 1374 3896 caltores,
1399 3835 1584 3902 suprascriptis
1607 3832 1772 3901 consulibus,

133 3903 239 3975 pudoris
261 3901 360 3971 lerninis
379 3900 553 3964 miscuerunt,
577 3898 647 3968 ioqui
661 3895 769 3951 desiere.
797 3896 860 3951 Octa
883 3898 927 3952 itte
979 3916 1065 3954 urenae
1079 3899 1220 3956 Februario
1230 3904 1306 3969 erepit
1319 3903 1411 3974 irrgiiqi.
1425 3903 1500 3968 Quod
1511 3904 1775 3961 scilicetcontretrtus

132 3989 213 4028 annes
227 3973 369 4046 requiram
387 3968 520 4042 captasset,
536 3967 624 4022 maria
644 3976 775 4037 exemptus
792 3977 828 4023 est
852 3968 927 4024 rebus

133 4043 264 4098 hurnanis.

169 4117 195 4171 5.
216 4114 355 4170 lihicanos
379 4111 446 4166 istos
468 4107 638 4181 consessores
659 4110 704 4179 qui
724 4108 821 4181 lingua.
836 4109 926 4166 excisa

137 4196 213 4241 recte
226 4184 413 4255 loquebantur,
425 4181 468 4235 alii
483 4194 589 4251 quoque
604 4190 727 4235 auctores
740 4223 748 4248 ,
763 4180 843 4235 etiam
861 4182 927 4235 l’ro·

132 4256 211 4324 copie
224 4255 397 4326 antiquiores,
414 4251 599 4315 celebraturus
627 4265 659 4305 cs
675 4249 772 4319 quibus
786 4250 862 4305 incre
882 4250 928 4305 Vi·

132 4333 191 4379 ctor
216 4324 332 4380 vitensis
356 4323 516 4392 episcopus,
542 4328 570 4375 ct
593 4319 694 4374 AErreaa
717 4317 859 4386 Gaaeusis,
881 4324 925 4391 qui

133 4394 243 4450 Zenone
266 4394 429 4463 imperatore
457 4394 616 4446 llorueruut.
640 4389 756 4444 Victoris
780 4391 862 4445 rerba
891 4407 922 4446 er

977 3969 1427 4042 Cartlmgineusisaddierucaleud.
1441 3972 1646 4030 Februariarum
1656 3975 1774 4033 indictus

978 4052 1061 4106 esset,
1082 4041 1152 4097 uude
1171 4058 1263 4098 ausam
1285 4044 1356 4113 cepit
1373 4055 1503 4115 tyrannus
1517 4045 1683 4101 orthodoxos
1704 4047 1775 4104 arrli·

976 4111 1055 4168 stites
1069 4115 1176 4180 grauius
1190 4115 1335 4184 aldigendi.

1014 4186 1039 4239 5.
1051 4183 1098 4237 llis
1108 4184 1223 4252 denique
1231 4189 1295 4241 tanti
1308 4185 1427 4241 miraculi
1437 4185 1721 4256 tesrtbusadjiciendua
1731 4197 1774 4245 est

977 4252 1122 4325 Gregorius
1137 4254 1257 4324 Magnus,
1271 4257 1351 4327 235
1363 4258 1450 4325 errius,
1460 4258 1509 4313 etsi
1525 4273 1556 4313 ea
1567 4264 1670 4313 ιιιιιιιιιι
1682 4267 1774 4316 narret

977 4339 1036 4447 iqnae
1051 4323 1085 4376 nb
1096 4324 1157 4380 aliis
1168 4325 1309 4382 didicerat.
1326 4330 1473 4383 auctoritas
1488 4329 1639 4394 spernenda
1652 4343 1709 4384 nou
1719 4338 1772 4386 est.

1005 4394 1029 4448 ic
1043 4409 1105 4449 vero
1118 4393 1166 4447 lib.
1181 4410 1209 4449 ru
1227 4397 1413 4464 dialogorum,
1426 4412 1486 4468 cap.
1502 4398 1553 4463 52,
1564 4413 1610 4462 sc,
1625 4413 1688 4454 curn
1701 4400 1773 4468 apud

132 4467 227 4536 quinto
241 4463 298 4535 eins‘
311 4463 428 4518 historiae
449 4462 533 4526 libro,
549 4475 623 4514 uum.
639 4457 664 4524 6,
679 4463 824 4541 repetenda
845 4470 925 4527 saut,
942 4464 1241 4543 „Constantinopolim
1274 4480 1443 4535 moraretur,
1469 4471 1604 4525 seniorem
1627 4470 1773 4540 quemdara

134 4535 180 4591 nbi
201 4546 314 4590 testator
329 4533 381 4587 lroc
396 4533 455 4601 ipso
470 4543 657 4599 temporeque
671 4530 823 4598 scubebat,
847 4547 928 4588 arrum
981 4535 1137 4605 episcopum
1151 4539 1310 4607 cogitavisse
1330 4539 1426 4603 refert,
1442 4548 1614 4595 attestantem
1627 4555 1658 4596 ee
1670 4541 1775 4612 aliquot

132 4606 261 4662 adhucax
272 4605 328 4660 illis
340 4601 549 4664 corricsaoribus,
564 4599 672 4655 naariae
681 4599 719 4654 lie
739 4608 855 4669 aratura,
867 4603 930 4658 sub·

132 4677 286 4743 diaconum,
297 4674 467 4745 superstitem
482 4671 698 4741 inisse,quemin
731 4673 930 4742 enotrispalatio

133 4755 358 4807 comatorautcm,
372 4745 407 4799 ob
422 4745 472 4799 hoe
484 4742 641 4798 inicornium
655 4742 745 4812 regina
760 4757 930 4814 snrnmopere

132 4820 319 4873 venerabatur.
336 4815 439 4870 (lutera
454 4829 514 4885 quae
524 4816 557 4870 de
570 4814 657 4868 haere
667 4813 749 4869 debet
762 4814 812 4870 isto
824 4827 927 4883 auctor,

133 4887 233 4944 videsis
245 4900 336 4956 supra·
349 4901 409 4970 pig.
421 4885 457 4941 ts
472 4882 566 4956 (Nobis
580 4882 630 4938 cai.
643 4883 708 4957 ιιι)
724 4884 799 4941 llaud
819 4885 930 4957 nriuoris

132 4968 174 5014 eat
189 4954 890 5080 aucteritatistbueae2³lgtestimouionnQuneuim
901 4957 928 5012 iu

133 5024 483 5098 hiricacontigcrautreiert
514 5027 929 5099 ictor;istereroquaelloastan-

133 5099 243 5170 tirrapoli
257 5100 339 5170 probe
348 5104 468 5166 stererat,
483 5097 591 5167 scriptis
605 5102 803 5153 comrrrendarit
816 5102 842 5154 in
860 5100 929 5155 libro

132 5171 168 5225 de
182 5168 384 5225 immortalitate
402 5167 500 5222 atrimae
512 5177 539 5223 et
551 5180 693 5238 corporum
712 5169 927 5236 resurrectione;

132 5240 160 5296 iu
182 5239 287 5310 dialogo
304 5239 406 5295 scilicet
420 5236 465 5308 qui
486 5235 678 5306 Theophrastus
692 5240 861 5309 inscribitur,
882 5241 927 5297 irbi

170 5318 272 5382 siquam
287 5310 321 5364 de
336 5309 435 5380 linqua
445 5307 538 5379 hiiqa,
550 5309 588 5365 sic
602 5309 718 5365 Africam
734 5309 822 5367 Graeci
836 5312 927 5382 appel-

132 5323 240 5449 irisan
257 5379 384 5436 nonnulla
399 5379 589 5450 praemisisset,
605 5395 685 5451 quana
708 5382 745 5436 ait
760 5382 826 5436 dura
842 5383 924 5454 preuu'

132 5451 276 5523 tyrannide,
287 5450 344 5506 hacc
355 5458 447 5521 postea
457 5449 594 5521 subjungit
605 5467 611 5504 :
623 5449 645 5503 T
647 5469 761 5522 gratinus
771 5454 885 5508 criminis
896 5455 923 5509 iu

133 5526 189 5579 ioco
203 5525 272 5577 ducit
286 5537 374 5577 eorum
387 5519 431 5591 qui
446 5523 501 5592 ejus
521 5522 629 5588 imperia
646 5525 768 5592 sitirent,
787 5524 924 5594 pietatem

130 5594 251 5666 prebetque
265 5593 330 5648 iilud
345 5603 396 5645 tarn
411 5590 564 5661 praeelarum
577 5601 601 5646 et
616 5592 709 5647 bortum
729 5598 822 5664 doqara
838 5612 924 5649 sacer·

134 5666 204 5720 dates
218 5665 358 5738 abnegare·
373 5663 405 5716 ils
418 5663 462 5733 qai
479 5678 530 5716 nau
544 5662 626 5718 obtem
645 5675 725 5731 erant,
737 5666 803 5734 proh
822 5666 924 5722 scelus!

133 5750 219 5798 aaron
234 5735 288 5796 heo
298 5732 593 5809 responderentur...
604 5682 649 5791 lit
660 5750 718 5793 aero
731 5737 812 5807 ipsius
822 5749 924 5797 naturus

981 4619 1014 4662 cs
1038 4605 1071 4661 ils
1086 4607 1250 4673 antistitibus
1270 4608 1402 4666 Africanis
1420 4610 1485 4666 olim
1499 4610 1600 4667 vidisse
1610 4610 1657 4680 qui
1671 4611 1776 4684 abaco

982 4676 1071 4747 lingua
1083 4676 1270 4747 loquebantur,
1282 4694 1298 4735 e
1308 4696 1421 4748 quassum
1436 4696 1549 4736 numera
1562 4696 1631 4736 nrrrrs
1641 4680 1670 4736 iu
1681 4685 1775 4739 caruis

982 4757 1120 4817 peecatum
1131 4752 1233 4820 lapsus,
1247 4749 1298 4806 bric
1309 4750 1381 4806 douo
1393 4753 1514 4821 priuatus
1523 4751 1595 4806 illico
1605 4751 1704 4808 irent.
1717 4751 1775 4809 sal

982 4818 1032 4874 lios
1044 4820 1178 4875 antistites
1192 4838 1222 4876 ca
1238 4836 1315 4891 poeun
1329 4822 1438 4878 allectos
1455 4822 1539 4878 inisse
1551 4823 1644 4878 scribit
1655 4821 1684 4879 io
1707 4839 1773 4890 rnr-

982 4889 1119 4945 secutioue
1135 4893 1258 4948 biritona
1273 4908 1333 4962 qum
1351 4893 1494 4949 iustiniani
1509 4894 1681 4962 imperatoria
1701 4903 1774 4950 tem·

983 4961 1091 5028 poribus
1116 4978 1131 5014 a
1152 4977 1215 5033 rege
1238 4964 1418 5019 larudalururu
1439 4964 1554 5020 excitam
1575 4964 1682 5031 iuerat,
1698 4966 1776 5036 quos

981 5032 1058 5103 lapsu
1073 5036 1211 5089 memoriae
1227 5045 1351 5090 assueto
1365 5035 1495 5105 Gregorio
1508 5035 1608 5090 dictum
1624 5034 1706 5091 inissa
1725 5051 1777 5095 ro·

981 5102 1038 5158 ium
1052 5102 1182 5159 uorrnulli.
1197 5105 1231 5160 lit
1245 5105 1352 5176 quidem
1371 5106 1547 5175 epularibus,
1559 5119 1628 5176 quoa
1642 5106 1774 5164 lluneriei

981 5176 1149 5246 temporibus
1174 5190 1267 5246 passos
1283 5177 1365 5231 hrisse
1388 5187 1492 5232 certain
1518 5187 1576 5246 est,
1597 5176 1704 5246 aliquos
1724 5192 1776 5234 sua

980 5257 1068 5312 cetam,
1083 5245 1109 5301 td
1123 5256 1165 5301 est
1178 5246 1500 5316 imperanteiustiaiauo,
1516 5247 1677 5318 superstites
1692 5247 1778 5306 laissa

979 5317 1071 5372 scribit
1095 5316 1258 5384 Procrrpiua,
1284 5318 1320 5372 uti
1342 5332 1423 5387 supra
1447 5317 1573 5372 diximus.
1599 5317 1633 5372 lit
1658 5319 1778 5387 ipserust

978 5386 1145 5442 lastinianus
1178 5388 1324 5457 imperator
1348 5387 1375 5442 iu
1401 5389 1595 5444 constitutione
1622 5387 1657 5442 de
1681 5388 1778 5445 ollicio

997 5457 1098 5514 raciecti
1114 5467 1241 5526 praetore
1255 5457 1353 5513 hiricac
1369 5459 1417 5515 lib.
1434 5474 1441 5512 r
1469 5458 1529 5514 cod.
1543 5457 1707 5524 iustiniani,
1730 5459 1776 5515 tit.

976 5473 1023 5594 il,
1046 5543 1076 5584 se
1091 5527 1190 5584 uidisse
1205 5535 1320 5583 testatur
1334 5527 1379 5582 ιιι
1394 5529 1548 5584 ιιιιιιιιιιι
1570 5530 1653 5595 ιιιιι,
1667 5530 1712 5600 qui
1727 5530 1777 5585 si·

977 5599 1063 5653 scissis
1076 5597 1197 5653 radicitus
1213 5599 1307 5666 linquis
1321 5615 1406 5668 peenas
1415 5616 1477 5655 suus
1490 5598 1692 5655 miserabiliter!
1745 5616 1780 5657 s·

979 5670 1082 5724 bantur.
1094 5672 1183 5736 Quam,
1193 5668 1338 5725 iustiniani
1351 5673 1464 5741 angusti
1478 5673 1699 5727 constitutionem
1746 5687 1779 5729 a·

978 5739 1161 5816 dathragrius
1171 5739 1220 5801 iib.
1232 5754 1343 5816 rr,cap.
1357 5741 1404 5813 lt,
1413 5741 1459 5800 ubi
1468 5756 1525 5800 sue
1534 5739 1659 5801 historia
1671 5741 1784 5819 eaipaa
