3810 6254
193 352 245 413 ιιι

825 347 1067 409 sntstotnnutt
1081 350 1149 407 ΗΒ.
1169 353 1190 408 l.

1739 348 1743 354 ¹
1769 360 1823 420 tlh

193 464 342 524 ordinarius
353 462 509 535 Screriuus,
530 464 571 520 ιιι
588 463 658 520 inter
681 463 803 536 ingentes
825 464 976 538 principum
991 471 1017 531 Α
1032 469 1099 537 piter
1114 465 1240 522 Paeonius
1253 481 1322 538 aegre
1345 467 1459 536 tulisset,
1471 471 1541 538 qnod
1553 470 1603 527 luit
1618 474 1731 542 trttpius,
1744 468 1821 533 corn·

192 569 280 619 tnotus
292 567 372 630 atque
391 555 551 631 inaequalem
576 554 732 627 reipublicae
755 563 853 611 statum
887 558 980 630 gratiae

191 665 298 722 semper
321 648 441 719 aequalis.
466 647 546 705 iusta
567 662 629 704 eum
649 646 769 719 Magnus,
788 647 852 703 oliru
866 664 897 706 er
912 665 981 720 prae·

192 744 272 813 lecto,
288 742 341 817 29
355 754 439 813 nuper
452 756 485 798 ex
499 739 621 811 consule,
633 754 680 814 par
693 739 840 796 honoribus
864 757 980 813 persona

192 834 349 910 geminatis:
364 830 538 889 recumbente
552 839 614 902 post
627 846 657 886 se
667 828 781 885 Camillo
803 830 857 886 tilio
876 831 978 902 fratris,

191 927 234 1001 qui
243 925 345 982 duabus
355 920 527 997 dignitatibus
541 931 568 981 ct
581 924 637 993 ipse
649 921 779 986 decursis,
793 924 892 992 pariter
902 939 981 981 orna-

191 1027 266 1079 rerat
278 1014 495 1089 proconsulatum
507 1015 600 1085 patris,
612 1014 699 1086 patrui
712 1015 891 1074 consulatum.
904 1015 980 1073 Peo-

192 1110 250 1169 nius
261 1110 323 1166 hinc
339 1120 457 1181 propter,
472 1118 552 1180 atque
563 1109 626 1164 hinc
640 1107 783 1176 Athenius,
799 1099 879 1165 homo
893 1110 979 1167 litium

190 1212 394 1274 temporumque
405 1198 580 1256 varietatibus
601 1199 774 1255 exercitatus.
790 1197 866 1259 ilurre
883 1215 977 1273 seque-

191 1291 268 1352 batur
278 1290 464 1351 Gratianensis
479 1289 552 1347 omni
566 1291 600 1346 ab
616 1289 724 1349 inlatnia
744 1291 784 1347 rir
807 1301 979 1364 sequestran-

1033 558 1129 628 pellato
1152 565 1255 613 tacente
1271 559 1417 626 respondit.
1434 559 1549 617 subrisit
1564 563 1708 633 Arignotus,
1723 575 1752 621 ut
1762 576 1822 625 erat

1031 648 1310 713 auctoritateserrata,
1322 665 1381 703 curn
1394 665 1424 705 se
1434 652 1617 707 corrrmunioni
1630 653 1821 729 dedisset,joci

1032 739 1125 811 plenus
1152 742 1329 811 :perquem
1355 741 1512 797 cachinnum
1540 760 1593 799 non
1618 746 1704 801 miuus
1726 747 1821 820 obtigit

1032 829 1147 886 actrento
1158 831 1292 897 uindictae,
1307 847 1385 902 qnam
1397 834 1552 904 contigisset
1572 835 1686 905 injuriae.
1712 837 1821 912 Colligit

1031 924 1118 995 itaque
1129 940 1189 980 sese
1203 933 1217 963 ι
1233 925 1432 981 trebacissimus
1447 941 1540 992 senex,
1556 939 1583 983 et
1599 939 1626 984 ut
1646 946 1754 1002 semper
1778 934 1819 988 in·

1031 1015 1161 1071 trinsecus
1175 1024 1242 1071 astu
1259 1014 1367 1085 pudoris
1380 1019 1589 1087 excoquebatur,
1612 1035 1659 1076 cur
1680 1022 1730 1078 sibi
1744 1025 1819 1079 Pno-

1030 1106 1090 1160 ttius
1108 1105 1298 1172 anteferretur,
1310 1106 1368 1161 Non
1391 1109 1485 1176 miror,
1506 1111 1602 1181 iuquit,
1617 1116 1745 1185 rtrrguste,
1765 1118 1818 1189 30

1029 1197 1052 1252 si
1066 1195 1131 1253 tnihi
1145 1196 1232 1252 standi
1246 1198 1332 1253 locum
1347 1200 1492 1270 praeripere
1506 1213 1628 1270 conetur,
1642 1207 1686 1275 qui
1704 1207 1751 1262 tibi
1777 1208 1818 1265 in·

1030 1290 1126 1347 radere
1138 1306 1193 1348 non
1207 1292 1343 1347 erubescit
1357 1292 1495 1363 loquendi.
1512 1295 1544 1348 Et
1562 1296 1603 1350 vir
1627 1297 1737 1356 illustris
1750 1298 1817 1358 Gra-

191 1386 250 1457 dus,
264 1389 308 1461 qui
319 1382 479 1444 Severinum
490 1384 559 1441 sicut
573 1386 674 1442 bonore
686 1392 747 1457 post
756 1383 822 1456 ibat,
838 1385 875 1449 ita
888 1385 978 1443 lurore
1028 1384 1168 1448 tianensis,
1183 1385 1289 1451 hlultus,
1305 1385 1401 1457 inquit,
1414 1388 1537 1459 satyricis
1549 1390 1599 1445 hoc
1610 1389 1698 1462 jurgio
1707 1409 1817 1465 campus

191 1486 376 1553 precesserat.
402 1472 519 1534 Ultimus
533 1492 583 1551 ego
604 1475 737 1548 jacebam,
758 1492 810 1548 qua
837 1479 977 1548 purpurati
1028 1476 1157 1547 aperitur.
1170 1474 1218 1533 ilic
1232 1475 1389 1548 imperator,
1404 1477 1437 1533 ad
1460 1494 1503 1534 me
1523 1478 1656 1536 bcervice
1676 1498 1815 1555 conversa,

191 1570 285 1630 lacrum
312 1570 382 1627 latus
398 1567 425 1625 in
445 1569 539 1626 dextro
553 1568 675 1641 margine
697 1566 891 1641 porrigebatur.
906 1569 977 1625 lidu-
1028 1566 1125 1637 tudio,
1140 1569 1187 1634 ait,
1204 1579 1215 1608 ι
1231 1582 1320 1625 comes
1332 1567 1435 1638 sidoni,
1448 1571 1518 1642 quod
1530 1583 1646 1644 satyram
1655 1575 1767 1633 scribas.
1783 1579 1817 1634 Et

190 1663 256 1723 liunt
268 1663 351 1720 multa
366 1660 539 1734 partellnita,
550 1660 663 1717 Caesaris
679 1661 712 1717 ad
731 1661 869 1719 consulem
888 1676 977 1727 sermo
1028 1661 1221 1736 ego,4inquam,
1235 1661 1287 1716 boc
1299 1661 1391 1730 audio,
1404 1661 1512 1719 domine
1528 1663 1659 1734 princeps.
1672 1666 1747 1725 'lunc
1759 1669 1815 1738 ille,

191 1756 321 1831 dirigitur,
337 1756 413 1827 isque
431 1756 600 1812 succinctus:
622 1755 684 1809 inde
704 1753 854 1810 devolvitur
867 1753 900 1810 ad
913 1769 977 1810 cou·
1028 1743 1104 1804 dsed
1120 1749 1220 1813 ridens,
1237 1767 1317 1821 parce
1327 1753 1370 1808 ret
1382 1753 1470 1810 nobis.
1485 1754 1594 1827 htego,
1614 1757 1733 1827 inquam,
1746 1763 1816 1830 quod

189 1853 317 1916 sularem,
331 1862 392 1904 cunt
410 1861 464 1920 quo
483 1862 555 1918 sape
580 1845 720 1917 repetitus,
738 1846 800 1917 quia
825 1845 859 1902 de
879 1843 975 1901 litteris
991 1841 1060 1907 Bab
1076 1841 1174 1896 illicitis
1188 1851 1318 1912 tenuero,
1335 1845 1400 1899 rnihi
1423 1860 1512 1915 parco.
1528 1846 1591 1904 Post
1612 1865 1672 1920 quac
1695 1850 1740 1908 ille
1760 1869 1767 1905 ε
1784 1853 1817 1909 Et

190 1940 283 2009 lactus,
299 1942 433 1998 advirum
456 1942 587 1999 illustrem
612 1940 754 1996 Camillum
776 1954 810 1996 ex
834 1939 976 1997 occasione
1028 1935 1089 2006 qnid
1107 1935 1234 1992 iaciemus
1250 1936 1419 2009 tris,·iuquit,
1435 1940 1517 2010 (thile
1531 1941 1683 1998 iacessunt
1697 1945 1731 2000 Et
1750 1960 1815 2016 ego:

190 2033 356 2101 translertur,
390 2033 543 2089 intantum
573 2042 602 2090 ut
618 2031 722 2088 diceret
744 2032 880 2103 princeps,
908 2031 977 2087 Vere
1028 2024 1153 2097 Quisquis
1168 2035 1210 2082 est
1222 2026 1284 2095 iste,
1299 2028 1407 2086 domine
1430 2031 1594 2100 imperator,
1614 2035 1717 2104 publice
1738 2050 1816 2091 aecu-

189 2122 271 2180 babes
281 2132 416 2193 patruum,
430 2122 513 2180 irater
526 2124 647 2194 camille,
663 2131 772 2195 propter
782 2137 861 2194 quem
877 2138 919 2178 nte
938 2123 977 2177 ia·
1028 2128 1079 2174 set.
1096 2119 1123 2174 Si
1136 2119 1330 2190 redarguimur,
1344 2122 1435 2177 debita
1449 2123 1553 2179 luamus
1574 2126 1702 2196 supplicia
1721 2129 1815 2183 conri-

189 2217 596 2274 mittatuecousutatumunum
609 2217 977 2289 gr.1tulercontulisse.'l'unc
1028 2212 1063 2266 cti
1077 2230 1084 2265 :
1100 2222 1227 2266 catorum
1244 2212 1348 2282 objecta
1365 2214 1387 2268 si
1401 2229 1453 2269 non
1468 2214 1680 2285 improbabiliter
1693 2233 1815 2274 cassare·

189 2313 244 2378 iile,
258 2311 302 2383 qui
314 2311 401 2368 simile
415 2310 515 2382 aliquid
524 2319 640 2382 optaret,
654 2320 774 2382 tempore
786 2312 905 2375 invento,
917 2308 976 2364 Nou

189 2417 278 2469 unum,
296 2401 392 2472 inquit,
404 2403 516 2459 hunnine
530 2403 662 2473 Auguste,
680 2401 729 2458 scd
749 2402 873 2470 primum.
895 2398 975 2457 Shira-

189 2509 232 2551 nto
247 2494 364 2566 fragore,
384 2501 415 2549 ut
438 2507 487 2550 nec
512 2491 625 2564 augusti
649 2492 799 2548 reverentia
818 2491 971 2555 obsisteret,

187 2596 296 2659 excepta
310 2587 443 2644 sententia
457 2595 508 2643 est.
520 2586 584 2642 lude
598 2587 691 2641 nescio
702 2584 765 2656 quid
778 2583 922 2641 Athenium
933 2585 974 2638 irr-

188 2690 325 2752 tertugans
335 2679 516 2751 superiectum
529 2679 664 2734 Paeonium
672 2676 843 2749 compellatio
855 2677 973 2748 hugueta

189 2772 326 2844 preteriit,
340 2786 404 2828 case
416 2787 451 2827 an
463 2770 605 2837 industria,
620 2770 722 2841 ignoro.
738 2769 814 2840 Quod
840 2783 901 2824 cum
917 2776 973 2824 tur·

190 2904 257 2975 apud
272 2919 319 2962 ros
331 2905 411 2972 primi
426 2912 454 2961 et
466 2903 558 2961 eximii
574 2903 722 2960 accubitus.
742 2903 852 2960 Summa
874 2914 974 2958 cornua

188 2974 305 3034 hireneo
318 2975 364 3031 lib.
379 2991 428 3032 ur:

244 3069 271 3119 st
280 3068 434 3131 amentaque
445 3075 514 3118 rocat
524 3079 600 3118 ooeuae
612 3068 720 3116 convivia
732 3079 835 3130 ponens,

244 3126 362 3180 monibus
372 3132 396 3179 in
404 3131 504 3181 summis
515 3130 589 3180 evitat
601 3141 695 3192 ponere
706 3130 816 3179 meurbra

247 3192 357 3255 Quisque
368 3194 438 3254 mnis.

188 3269 322 3328 ldsorum
336 3276 425 3344 potius
437 3274 522 3330 rideri
538 3283 629 3345 queat,
648 3283 676 3330 et
698 3276 732 3331 ah
751 3289 800 3330 usu
818 3281 911 3328 nostro
929 3287 971 3327 re·

186 3343 294 3413 nouus,
308 3346 379 3414 quod
392 3347 497 3410 tertias,
512 3356 623 3416 quartus
636 3359 668 3401 ac
681 3346 775 3415 reliqui
793 3346 919 3414 deinceps
942 3345 970 3400 il·

185 3412 236 3471 Ιιιιιι
251 3415 345 3472 ordine
363 3415 560 3487 subsequantur
580 3416 626 3486 qui
649 3417 753 3485 primus
774 3425 815 3472 est
839 3416 865 3470 in
887 3429 970 3471 cornu

185 3484 303 3541 sinistro.
323 3484 389 3542 iiam
419 3497 479 3557 post
503 3487 661 3543 Severinum
684 3490 821 3543 consulem
849 3488 970 3556 sequitur

163 3566 166 3570 ’
186 3554 339 3626 llagnuser
354 3559 474 3622 crinsule,
491 3566 546 3612 tum
566 3557 709 3622 Camillos,
731 3557 864 3620 Paeonius.
887 3556 970 3612 Athe-

184 3628 253 3693 rirs,
265 3626 459 3696 enusrmsis,
480 3629 641 3698 ultimusque
660 3628 785 3683 Sidonius
798 3628 831 3684 ad
846 3629 969 3683 dextrum

184 3710 265 3755 cornu
280 3712 403 3769 tergens,
418 3701 445 3755 in
460 3714 513 3769 quo
525 3701 631 3769 jacebat
646 3698 818 3766 ttajoriaaur.
833 3699 924 3768 ltaque
942 3700 969 3753 in

184 3767 261 3836 pleno
274 3769 387 3826 stibadio
402 3770 510 3837 ultianus
522 3770 609 3841 primo
621 3772 758 3838 proximus
770 3778 837 3834 crat,
854 3785 867 3823 a
884 3771 969 3838 printo

183 3840 276 3894 eudem
288 3841 481 3896 remotiss'mus
501 3855 534 3896 er
549 3840 662 3895 aduerso
677 3841 820 3895 secundas.
835 3838 889 3894 Nec
901 3840 969 3894 alius

184 3908 250 3964 ordo
264 3909 314 3965 luit
328 3911 354 3966 ιιι
368 3910 475 3965 llariml
499 3911 622 3965 convivio
632 3911 676 3964 cui
691 3910 811 3965 interluit
832 3911 861 3965 S.
879 3909 969 3963 ilarii·

184 3993 242 4045 uus,
266 3981 336 4048 apud
358 3981 505 4052 Sulpicium
529 3981 658 4037 Severum
674 3989 700 4036 et
721 3982 799 4035 alius.
825 3981 852 4035 ln
874 3980 969 4035 dextro

185 4050 254 4104 enim
266 4050 486 4109 cornubiaximus
499 4051 567 4123 hug.
584 4052 610 4106 in
623 4051 733 4107 sinistro
742 4051 834 4106 consul
843 4050 967 4116 hrodius,

184 4117 243 4179 teto
257 4121 369 4176 comites
379 4120 486 4176 blasiani
504 4121 586 4178 irater
599 4137 629 4176 ac
643 4133 763 4192 patruus,
775 4132 801 4176 et
814 4121 908 4190 reliqui
924 4135 968 4174 or·

185 4187 245 4245 line
257 4204 382 4259 proceres
395 4191 594 4259 describuntur,
610 4201 690 4258 atique
708 4192 777 4248 inter
797 4191 846 4246 hos
864 4189 967 4245 medius

184 4261 323 4382 fesbyter·
343 4260 473 4317 blattini:
496 4271 570 4317 extra
593 4263 737 4319 stibadium
763 4277 827 4319 vero
853 4262 878 4315 in
901 4261 967 4315 sella

206 4338 309 4386 arhntts
321 4331 354 4387 ad
362 4334 482 4389 (teatrum
494 4333 611 4388 blaximi.
624 4334 751 4388 Paulinus
765 4332 810 4388 lib.
823 4348 851 4388 ιιι
861 4331 897 4388 de
907 4331 967 4388 Vita

183 4397 297 4467 llartini,
312 4416 372 4458 cunt
383 4417 508 4474 proceres
523 4413 774 4472 commemorasset,

241 4490 291 4547 iios
302 4493 365 4545 iuter
382 4493 486 4554 medius,
497 4504 545 4557 qua
554 4494 631 4557 sigma
642 4493 748 4546 flectitur
759 4493 829 4554 orbe.

240 4551 320 4605 rresh
329 4560 374 4603 'ter
383 4555 512 4606 accubuit:
528 4555 616 4605 dextra
627 4556 738 4618 laeraque
782 4560 877 4606 tentum

240 4610 304 4665 Ordo
344 4628 409 4673 cunr,
427 4617 580 4666 memhrtssn
614 4629 711 4667 taurea
723 4615 891 4668 lucraiocatls

240 4673 334 4725 Prosit
345 4678 482 4739 subtectum
491 4679 582 4741 pretim
603 4677 704 4728 velleris
715 4686 809 4728 ostrum

238 4735 278 4784 ad
288 4736 400 4787 dextram
412 4740 479 4801 regis
488 4746 572 4789 sancto
583 4739 733 4790 reremedio
742 4751 788 4789 ore

239 4796 355 4848 comedit
371 4801 462 4849 senior.

182 4877 238 4945 pas
251 4880 372 4946 protecto
385 4883 419 4936 ad
429 4884 549 4939 dextmm
563 4882 670 4938 blaximi
681 4883 774 4939 sedere
784 4900 837 4939 non
850 4893 965 4953 poterat,

182 4949 228 5004 nisi
243 4951 374 5006 hlaximus
388 4952 415 5006 iu
430 4954 525 5008 dextro
540 4968 624 5008 cornu
644 4954 823 5009 accumberet.
842 4955 964 5012 linnora-

181 5019 296 5075 tissitnus
311 5036 376 5088 ergo
389 5024 496 5078 stibadii
508 5024 582 5077 locus
597 5038 681 5077 cornu
695 5023 829 5087 dextrum,
847 5034 875 5079 ut
897 5027 964 5081 dixi·

181 5100 246 5157 tous,
268 5093 407 5161 proximus
429 5095 578 5149 sinistrum.
604 5093 693 5161 Quare
713 5095 782 5163 apud
806 5094 961 5165 Gregorium

179 5158 277 5216 taron.
291 5162 310 5216 l.
324 5162 415 5218 lllrnc.
428 5179 509 5233 trra,
527 5166 640 5219 brianus
653 5165 699 5220 ille
710 5167 752 5232 qui
767 5164 869 5220 dextras
881 5168 962 5235 partis

179 5240 259 5286 cornu
273 5241 397 5301 occupat,
416 5244 443 5289 et
455 5236 616 5289 catholicum
637 5238 802 5291 sacerdotem
831 5235 963 5308 hospitem

180 5308 253 5357 tunna
266 5304 293 5357 ia
304 5303 526 5371 sinistrostatuit,
542 5305 655 5360 ludibrio
676 5307 749 5360 illum
766 5307 815 5361 hac
836 5309 916 5362 etiam
936 5311 963 5364 in

180 5381 207 5424 te
217 5370 282 5428 utin
293 5373 399 5430 caeteris
412 5373 501 5430 hahet.
517 5375 701 5432 Sedadmnnet
711 5390 760 5431 nris
771 5377 877 5432 stibadii
889 5393 963 5434 men·

75 5454 95 5470 ’-
181 5438 213 5496 llo
235 5451 263 5499 et
286 5442 353 5498 ortlo
377 5448 603 5514 accumbentium,
629 5456 659 5502 ut
680 5448 713 5501 de
733 5447 831 5502 Christi
859 5464 964 5518 quoquo

180 5507 284 5569 homini
297 5529 421 5584 suprema
433 5531 509 5572 coorta
522 5518 699 5587 disquiramus
712 5522 732 5582 ⁶,
747 5532 825 5586 quam
840 5519 867 5571 in
882 5520 964 5575 stiba-

180 5579 221 5637 tlio
236 5584 328 5640 itidem
350 5595 435 5641 strato
458 5587 618 5643 celebratam
642 5594 747 5643 constat
764 5591 806 5642 ιπι
826 5587 963 5658 erudiise,

207 5672 216 5698 ¹
232 5675 296 5737 Sunt
305 5683 331 5729 et
342 5678 397 5729 duae
409 5681 433 5729 in
445 5679 555 5729 eamdem
568 5693 622 5730 rem
633 5679 741 5743 epistolas
763 5681 885 5733 sirmondi
893 5683 965 5736 Jose·

180 5732 225 5795 plau
236 5736 318 5788 biania
329 5741 443 5790 Suarosio
457 5742 578 5804 inscripta
590 5756 596 5790 ι
613 5749 697 5792 etstan
725 5754 757 5793 ue
769 5747 833 5794 inter
844 5758 899 5807 opp.
912 5748 963 5799 Sir-

179 5798 304 5850 nostiam
322 5809 380 5852 tom
402 5801 444 5862 lv,
457 5817 512 5864 pag.
531 5804 578 5856 oet
595 5815 675 5867 seqq,
698 5816 713 5854 u
731 5806 740 5857 t
760 5819 859 5870 quoque
880 5808 962 5862 Ceno

1028 2304 1123 2370 rimus,
1137 2318 1188 2358 oro
1203 2305 1350 2360 utindultu
1373 2306 1521 2362 clententioe
1544 2317 1604 2373 tuac,
1629 2319 1724 2378 prater
1747 2310 1814 2379 juris

1028 2397 1165 2467 injuriam,
1181 2398 1206 2453 it
1221 2408 1403 2454 accusatorem
1425 2414 1512 2456 meum
1535 2416 1593 2470 qua
1605 2401 1666 2455 roto
1688 2402 1813 2457 scribam.

1028 2490 1068 2544 hd
1082 2491 1132 2544 hoc
1145 2491 1202 2560 ipse
1218 2491 1353 2547 Paeonium
1363 2493 1543 2561 conspicatus,
1556 2496 1706 2562 nutucoepit
1720 2510 1815 2550 consu·

1027 2583 1083 2637 lere
1097 2591 1249 2649 nutantem,
1277 2584 1392 2652 placeret
1408 2601 1442 2640 no
1470 2586 1598 2641 conditio.
1626 2586 1678 2644 Sed
1694 2601 1754 2642 cuna
1769 2588 1814 2643 illu

1025 2674 1152 2728 contusus
1173 2673 1334 2738 reticuisset,
1351 2676 1528 2747 princepsque
1547 2678 1699 2733 consuleret
1717 2678 1813 2734 erube·

1026 2768 1123 2836 wenti,
1139 2768 1184 2833 ait,
1200 2768 1295 2823 hortun
1310 2768 1458 2837 postulatis,
1474 2771 1497 2825 si
1510 2770 1561 2825 hoc
1576 2771 1661 2840 ipsum
1674 2771 1812 2840 evestigio

1028 2909 1058 2956 ut
1072 2901 1191 2970 loquitur
1205 2900 1415 2972 chrysostomus
1427 2905 1538 2957 bomrlia
1553 2902 1587 2957 ιι
1600 2905 1626 2958 ιιι
1641 2904 1653 2959 l
1669 2904 1702 2960 ad
1717 2905 1810 2959 Corin·

1029 2972 1098 3027 tlrios
1111 2989 1118 3035 ;
1133 2973 1189 3026 sire
1203 2973 1229 3026 is
1253 2972 1367 3040 lectulo,
1383 2983 1410 3028 ut
1439 2975 1617 3029 Tertullianus
1638 2977 1673 3030 de
1695 2977 1810 3031 corona.

1026 3044 1048 3097 A
1067 3058 1178 3097 noscam.
1195 3043 1287 3113 inquit,
1300 3060 1399 3099 necesse
1409 3056 1445 3099 eat
1457 3056 1480 3097 et
1490 3048 1671 3100 recumbentem
1684 3047 1709 3100 in
1722 3048 1812 3102 lectulo
1879 3055 1881 3059 '

1027 3061 1165 3166 ίιιιιιιιιιι.
1178 3113 1342 3168 lieorthuisso
1355 3126 1442 3168 autent
1457 3115 1482 3168 in
1499 3131 1529 3170 ea
1544 3114 1691 3179 Christum,
1708 3133 1760 3172 non
1785 3120 1812 3173 in

1026 3180 1116 3239 medio
1130 3184 1287 3252 stipantibus
1308 3184 1390 3238 latera
1412 3183 1472 3239 hinc
1487 3184 1699 3253 indeapostrlis,
1719 3197 1748 3240 nt
1766 3203 1812 3242 no·

1025 3260 1073 3308 stri
1081 3253 1161 3320 vulgo
1174 3256 1290 3321 pictores
1303 3259 1561 3321 rrqrraasentantmerl
1574 3260 1669 3312 dextro
1679 3260 1704 3312 ιιι
1716 3273 1810 3327 cornu,

984 3312 1008 3378 C
1022 3339 1075 3395 quo
1085 3323 1144 3379 loco
1156 3326 1310 3388 tissimum,
1322 3325 1548 3397 ilajorianumqus
1557 3327 1675 3396 jacentes
1685 3329 1811 3394 uidimus,

1023 3404 1079 3451 tutu
1108 3396 1159 3450 alia
1181 3397 1206 3450 iu
1233 3395 1308 3451 tibris
1333 3395 1483 3467 tabulisque
1509 3402 1623 3468 antiquis
1646 3402 1808 3454 monimenta

1022 3466 1175 3531 ostendunt,
1195 3477 1248 3521 tum
1270 3464 1401 3520 musivum
1420 3467 1517 3527 Canna
1535 3483 1611 3534 optas,
1637 3467 1690 3541 24
1710 3469 1811 3525 adesi·

1021 3536 1097 3591 diario
1109 3538 1246 3591 Casinensi
1259 3537 1363 3600 abbate,
1380 3540 1423 3606 qui
1437 3539 1526 3592 llictor
1541 3539 1560 3592 ll
1579 3552 1672 3605 postea
1692 3540 1751 3600 luit,
1765 3540 1809 3595 tle·

1021 3607 1332 3674 dicatum.Quaequidem
1343 3610 1364 3659 si
1379 3608 1412 3660 ad
1424 3618 1513 3663 terant
1526 3610 1667 3674 insaginern
1682 3624 1809 3677 expressa

1020 3687 1081 3732 sunt
1097 3676 1158 3746 (nec
1173 3688 1246 3732 certe
1257 3687 1368 3745 apparet
1381 3692 1429 3732 cur
1445 3680 1526 3733 rideri
1542 3696 1595 3734 raon
1609 3679 1810 3751 dehent),huud

1021 3747 1128 3801 dilticile
1144 3746 1223 3801 luerit
1243 3747 1455 3815 intelligerentur
1479 3757 1525 3801 aut
1546 3750 1673 3815 luanus,
1695 3749 1740 3817 qui
1762 3765 1810 3821 per

1021 3824 1127 3870 aetatem
1144 3816 1257 3871 tortasse
1280 3817 1391 3871 ultimus
1413 3829 1480 3881 erat,
1499 3819 1607 3873 Chriato
1625 3821 1762 3887 proximus
1781 3824 1808 3876 in

1020 3887 1078 3956 ejus
1092 3887 1151 3940 sinu
1176 3887 1338 3951 accubuerit,
1364 3898 1409 3940 aut
1428 3887 1532 3953 Petrus,
1559 3888 1604 3956 qui
1627 3891 1753 3944 remotior
1767 3891 1809 3944 in-

1020 3957 1109 4010 nuisse
1123 3957 1217 4010 loanni
1233 3956 1337 4012 dicatur
1353 3966 1382 4011 ut
1400 3956 1533 4011 Christum
1552 3960 1586 4012 de
1608 3960 1745 4028 proditore
1766 3958 1808 4015 in-

1021 4034 1177 4094 terrogaret.
1609 4058 1612 4064 -

1056 4105 1068 4134 ⁸
1084 4096 1338 4152 Exercitatissimus.
1354 4097 1440 4167 Supra
1465 4096 1617 4163 desudem,
1634 4099 1710 4150 horre
1722 4099 1807 4153 litium

1020 4175 1209 4237 temporumque
1219 4169 1381 4221 tometutiltus
1392 4168 1552 4222 mutilatus.
1567 4167 1622 4222 Vox
1636 4169 1737 4224 Graccae
1749 4170 1806 4224 ori-

1018 4238 1088 4307 ginis
1102 4238 1173 4292 aheo
1183 4238 1253 4307 quod
1263 4248 1304 4293 est
1317 4241 1407 4313 τρίθαξ
1414 4255 1422 4296 t
1434 4254 1485 4306 qua
1496 4239 1599 4293 ratione
1611 4239 1805 4296 Demosthenes

1019 4307 1175 4363 AEschinem
1189 4310 1344 4382 περίτριμμα
1363 4319 1409 4370 τῆς
1423 4312 1520 4385 ἀγορᾶς
1541 4309 1694 4379 appellarit,
1713 4310 1759 4380 qui
1779 4310 1808 4364 in

1019 4378 1077 4432 loro
1086 4389 1212 4439 ,versatus
1226 4394 1327 4449 usuque
1343 4379 1418 4434 tritus
1434 4390 1515 4435 esset.
1528 4379 1587 4448 Quo
1600 4395 1682 4436 serrsu
1695 4389 1723 4436 et
1735 4380 1806 4436 llar-

1020 4450 1092 4515 tialis,
1101 4451 1148 4506 tib.
1167 4464 1204 4505 ιιι
1218 4449 1252 4505 tle
1261 4450 1389 4519 Pompeio
1401 4450 1497 4506 brito:

1079 4560 1138 4613 Jure
1150 4560 1258 4623 madene
1272 4562 1388 4628 ratioque
1398 4566 1464 4627 togas
1474 4561 1572 4617 limatus
1581 4565 1606 4615 ia
1617 4577 1673 4617 usu.

1019 4683 1111 4809 [mue
1124 4687 1174 4741 alia
1187 4695 1229 4743 est
1242 4688 1316 4743 notio
1329 4695 1373 4744 τοῦ
1390 4686 1532 4744 trebaciter
1546 4687 1593 4747 tib.
1613 4704 1652 4757 rr,
1663 4689 1744 4759 epist.
1759 4690 1804 4761 ll,

1071 4757 1098 4809 ui
1119 4761 1215 4826 fuctum
1243 4758 1357 4825 confiteri
1379 4756 1547 4825 simpliciter,
1568 4776 1645 4831 quum
1671 4760 1805 4816 trebaciter

1018 4825 1129 4895 dipteri,
1145 4827 1194 4881 boc
1207 4833 1248 4880 est
1268 4827 1362 4883 callide
1376 4836 1404 4883 et
1422 4839 1520 4884 astute.
1540 4829 1573 4885 ιιι
1583 4844 1646 4899 ergo
1661 4830 1748 4901 legata
1759 4845 1805 4886 su-

1018 4896 1108 4965 perius
1129 4910 1176 4967 pro
1194 4895 1285 4967 ligula,
1302 4897 1341 4952 sic
1353 4898 1552 4955 trebacissimus
1575 4915 1645 4954 nunc
1671 4902 1733 4956 item
1755 4915 1805 4970 pro

1018 4964 1231 5047 trihacissimus3
1256 4966 1341 5022 lacilis
1362 4969 1432 5023 eninr
1458 4969 1549 5024 lrnrrtm
1569 4970 1719 5025 litterarum
1742 4986 1806 5040 per·

1017 5045 1137 5089 mutatio.

1053 5103 1067 5142 ι’
1082 5105 1201 5161 Relicta.
1224 5108 1381 5163 ambrosius
1394 5109 1420 5163 in
1432 5107 1531 5164 Ltrcam
1557 5125 1585 5164 ca
1610 5152 1616 5166 .
1633 5126 1694 5166 xrr:
1711 5112 1805 5168 Nonne

1016 5175 1060 5229 tt'ht'
1070 5176 1168 5229 uidetur
1177 5176 1302 5232 Cltristum
1311 5179 1428 5233 cecidisse
1436 5181 1462 5233 in
1473 5181 1566 5233 collum
1575 5124 1692 5249 ιιαιιιιιι,
1720 5183 1805 5237 wardo

1017 5254 1070 5299 erut
1085 5245 1198 5300 loannes
1211 5248 1237 5301 in
1252 5254 1310 5303 sltttt
1323 5247 1387 5303 lesu
1401 5250 1495 5303 ceruice
1513 5253 1658 5307 recurrthens
1671 5200 1789 5321 regern?

1055 5326 1066 5354 ⁶
1085 5316 1123 5370 Er
1136 5333 1169 5373 eo
1181 5333 1279 5388 genere
1294 5320 1433 5384 comitum,
1446 5330 1473 5374 ut
1487 5322 1593 5444 oqainor,
1609 5326 1653 5393 qui
1669 5322 1804 5376 honorarii

1018 5394 1119 5441 tanturn
1134 5398 1161 5442 et
1183 5390 1241 5444 sine
1253 5387 1482 5445 administratione
1513 5404 1619 5465 ruerunt,
1636 5389 1804 5446 Constantini

1017 5456 1193 5583 qlirlqgivretere
1207 5459 1341 5531 instituto,
1352 5472 1380 5517 ut
1393 5463 1472 5519 docet
1485 5462 1616 5521 Eusebius
1630 5463 1656 5516 in
1672 5459 1731 5514 Vita
1745 5461 1804 5530 eius

1053 5597 1066 5635 l
1081 5598 1110 5654 ln
1126 5613 1191 5670 ms,
1201 5598 1342 5659 scindenti.

1018 5691 1121 5757 homini,
1135 5710 1182 5749 uec
1192 5710 1241 5749 non
1250 5697 1352 5747 eonrtrii
1366 5693 1429 5758 apud
1440 5691 1579 5743 Simeonem
1593 5689 1742 5743 snartsautn
1754 5694 1804 5757 typi

1015 5764 1165 5869 ffifflssm’
1186 5760 1283 5825 qnorin
1303 5757 1381 5820 ipsius
1400 5752 1521 5807 strnoudt
1541 5752 1638 5804 scriniis
1656 5754 1750 5817 reperit
1771 5753 1803 5807 ci.
