3810 6254
139 310 187 369 ilii
318 301 483 364 adnuntiat
502 303 534 360 ΙΝ
554 296 740 361 utsioliltlt
759 300 903 361 PERSEC.
926 300 1072 361 tabunt.
1094 300 1361 364 COMMENTARIUS
1380 302 1590 365 utsuotttclts.
1694 269 1773 370 'lbi

139 426 199 482 nius
212 423 423 493 nasttnriaspro
434 421 531 478 Claristi
543 423 652 477 nomine
663 431 802 491 superatos
815 422 930 487 labores,
946 424 974 480 Α
987 419 1116 486 landiani,
1138 423 1182 477 die
1197 421 1215 474 2
1232 423 1351 491 ejusdem
1370 425 1481 490 mensis,
1506 425 1600 480 borum
1623 428 1771 487 antistitum

73 535 86 547 .
140 505 198 566 nost
213 497 333 564 ingentes
348 509 492 558 aerurnuas,
503 495 585 548 setuel
596 501 624 548 et
637 493 734 548 iterum
747 509 763 548 e
775 493 857 563 patria
871 492 931 560 pul·
986 491 1078 557 uitam,
1090 507 1105 545 a
1119 491 1265 548 Gadeiritlo
1282 496 1450 552 llenscltenio
1463 512 1479 551 e
1491 498 1773 567 mattttseriutoctnliae

139 582 184 623 sus
200 568 225 618 itt
240 564 336 621 exsilio
352 564 458 620 tundent
471 566 553 619 vitatu
566 564 674 629 linierit,
689 563 806 618 viderint
816 563 860 633 qul
874 563 931 618 laec
984 558 1125 618 Cbristinte
1139 564 1241 620 Suesia
1264 567 1363 631 reginae
1383 578 1497 634 erutam,
1520 582 1552 622 et
1572 584 1634 637 utta,
1655 583 1715 625 cunr
1739 575 1774 629 ab

138 644 271 704 aberunt,
284 650 318 690 att
333 635 351 690 ii
366 637 550 692 tarttumroodo
571 642 703 705 martyres
723 634 852 704 appellari
868 648 931 703 oos-
960 697 963 700 ,
984 630 1044 700 insa
1059 632 1164 689 Titiano
1175 634 1274 703 scripta
1290 635 1373 691 lauisse
1391 638 1506 702 dicatur,
1523 638 1623 705 aliunid
1642 639 1712 696 lorte
1726 658 1774 699 ert·

139 708 524 776 sint,quiintcrtormentaac
541 704 672 773 sunnlieia
684 706 933 774 exrairantesmar-
984 703 1082 827 lfiwi
1100 704 1198 771 licebit,
1224 717 1278 759 tum
1296 705 1331 760 de
1350 716 1471 777 tempore
1490 722 1543 777 quo
1562 709 1633 765 idem
1653 711 1774 769 Titianus

140 780 238 849 tyriutn
260 777 483 833 consummarint.
505 779 583 833 Certe
601 776 624 830 si
650 774 813 831 conlessotis
841 776 932 831 titulus
1007 774 1130 830 arvistnu.
1146 775 1274 832 Ecclesiae
1287 777 1403 846 prefuit,
1420 789 1474 833 tum
1485 778 1521 833 de
1535 778 1656 849 {iugenio
1668 795 1693 838 et
1711 784 1774 838 viu·

141 848 359 917 ingeniosulum
375 848 549 910 concedatur,
565 846 614 916 ipsi
633 854 723 901 taruco
742 847 860 917 martyrii
877 861 932 901 me·
985 843 1102 909 detniali,
1119 862 1185 914 ratam
1200 846 1260 901 ltali
1274 846 1421 902 celebrant.
1434 849 1479 904 Sic
1492 864 1557 912 uero
1573 851 1665 921 incipit
1681 872 1689 907 ι
1706 853 1774 906 lauru

140 921 220 976 ritum
232 929 260 973 et
275 918 415 986 praemium
432 934 484 973 non
500 919 617 987 delaissa
629 932 709 972 ttetno
723 933 776 972 non
793 917 932 972 latebitur.
984 915 1135 971 attinenciis
1145 916 1525 989 synodusaaudCartlruaineut
1535 920 1775 994 abducericoreae

140 991 167 1045 lu
183 988 597 1060 scleribusscriptisquaesupra
611 986 786 1052 laudavimus,
803 989 933 1056 consessor
984 995 1192 1057 conareaaretnr,
1218 1004 1250 1042 ec
1268 989 1385 1043 omuibus
1404 990 1488 1062 rearis
1507 997 1583 1060 atoue
1603 993 1696 1047 insulis
1717 984 1775 1062 aare

104 1088 114 1095 ·
140 1060 252 1126 dicitur;
268 1059 294 1113 in
309 1058 440 1114 bodierno
450 1069 539 1115 autem
552 1059 686 1114 bibiensis
696 1059 817 1113 ccclesiae
829 1058 932 1112 breria-
964 1119 967 1123 ,
985 1055 1096 1121 tobeias
1111 1059 1232 1128 ruoimiae
1242 1070 1302 1113 tunc
1314 1062 1434 1128 temporis
1446 1060 1587 1128 decebant,
1601 1063 1644 1118 die
1656 1066 1775 1120 calenda·

142 1133 180 1186 tia
191 1130 341 1199 appellatur
351 1138 461 1200 martur,
475 1130 523 1186 scd
534 1130 614 1199 paulo
625 1128 714 1183 latiari
726 1129 931 1197 significatione,
985 1142 1042 1178 ram
1059 1124 1282 1194 Februariarum,
1302 1132 1414 1184 sexcenti
1434 1138 1525 1199 reptua
1546 1132 1598 1186 'uta
1619 1137 1731 1206 episcopi
1746 1140 1775 1191 t'tt

140 1203 239 1272 aniane
253 1215 314 1255 cunt
334 1201 358 1255 ei
380 1202 579 1269 responsorium
599 1197 669 1254 istutl
690 1200 839 1268 assignetur
861 1201 931 1268 qttorl
985 1211 1064 1249 uuum
1081 1209 1137 1251 rurrt
1149 1202 1245 1266 pariter
1257 1202 1414 1271 cauareaati,
1431 1218 1477 1269 ura
1492 1148 1649 1270 astructa
1667 1214 1691 1260 et
1706 1208 1775 1263 indi·

142 1288 191 1342 pro
202 1273 234 1328 iia
247 1273 293 1343 qtti
304 1272 461 1342 unguinetn
474 1285 553 1326 suurn
568 1285 621 1326 nott
638 1268 763 1324 itttierunt
784 1271 852 1324 solet
866 1270 933 1326 reci·
987 1268 1069 1321 uiduae
1084 1268 1216 1324 Trinitatis
1230 1271 1373 1334 certaturi:
1386 1288 1448 1340 auor
1463 1273 1517 1343 ipse
1530 1271 1649 1340 deceptus
1665 1277 1775 1332 duana-

144 1345 204 1398 tati.
984 1354 1041 1389 runt
1055 1340 1174 1405 perfidio,
1188 1356 1274 1394 amtter
1293 1342 1383 1396 exsilia
1403 1342 1525 1397 damnare
1545 1344 1633 1409 ussit,¹
1652 1363 1666 1400 e
1684 1347 1774 1416 quibus

179 1416 222 1469 li.
236 1413 339 1468 Praeter
352 1412 509 1482 Ettgeniunr,
524 1420 579 1467 tres
593 1410 660 1466 nlius
676 1410 846 1466 conlassores
858 1425 933 1466 com·
985 1407 1337 1481 Cartltaoincnsitepiscopus
1347 1410 1479 1483 Etaaeuius
1489 1422 1512 1468 ct
1526 1364 1693 1470 vindemialis
1706 1434 1775 1471 tarn-

141 1493 274 1539 ntcmurat
285 1483 430 1554 Gregorius
440 1483 614 1550 Turonensis,
626 1482 778 1550 Longinum
791 1481 895 1536 saitica-t
906 1491 933 1537 et
986 1494 1033 1532 ntae
1046 1481 1159 1535 scietttiau
1173 1498 1326 1550 suarattaratae
1342 1485 1483 1538 sanctitutis
1502 1485 1567 1538 iuter
1590 1487 1655 1540 alias
1667 1489 1775 1542 emicue-

143 1553 337 1610 vindemialem
352 1554 505 1624 episcopos,
519 1564 599 1622 atque
612 1553 790 1608 Octavianum
805 1553 934 1607 arciritlia·
985 1560 1055 1612 aaut,
1068 1559 1091 1603 et
1105 1552 1181 1616 fidem
1192 1563 1286 1606 sanctae
1302 1562 1325 1607 et
1338 1553 1478 1609 indiuidua
1494 1553 1630 1610 Trinitatis
1641 1559 1775 1613 inuiolabi-

143 1624 521 1695 conunr,deattibuspauca,
541 1622 933 1679 deicientibuavatuausrriu-
986 1621 1044 1674 liter
1063 1622 1270 1676 constantissimo
1296 1641 1356 1677 aare
1378 1627 1543 1679 edocuerunt.
1572 1627 1629 1690 Qua
1658 1627 1690 1679 de
1713 1645 1775 1682 rea

142 1698 287 1759 nttuteutis,
301 1695 344 1750 iric
358 1694 471 1750 dicenda
482 1705 637 1750 occrrmunt.
649 1695 678 1749 lu
688 1693 785 1748 Notitin
799 1693 930 1757 Africana,
987 1693 1097 1757 urant-iis
1110 1693 1210 1746 sedibus
1222 1694 1331 1762 aepralri,
1345 1697 1639 1765 peraurittatiattiscausu
1649 1699 1683 1750 ad
1692 1708 1776 1752 trotta-

142 1781 220 1836 queam
228 1765 409 1838 permissionis
418 1765 561 1821 Historiam
571 1765 671 1836 (Supra
682 1763 804 1834 eal269)
813 1763 934 1819 extribui-
949 1763 1087 1861 Battatrina
1105 1771 1281 1826 reucolarual,
1296 1774 1348 1818 ete.
1378 1765 1439 1821 Huc
1459 1767 1485 1820 itt
1501 1765 1571 1821 vila.
1598 1766 1626 1821 itt
1645 1771 1776 1837 outtscttlo

142 1853 212 1900 rtrtts,
229 1839 300 1893 inter
313 1836 381 1892 alios
396 1836 562 1891 diuersarum
582 1837 780 1905 provinciarum
800 1835 933 1890 antistites
990 1847 1051 1885 voro
1064 1834 1096 1886 alc
1111 1833 1284 1888 vindemialis
1302 1849 1326 1888 et
1347 1834 1473 1891 Florentii
1490 1839 1664 1892 translatione
1680 1840 1714 1892 alt
1728 1856 1776 1894 en·

142 1909 184 1978 qui
201 1907 326 1963 ilunariei
341 1909 466 1961 mandato
476 1907 509 1960 ad
520 1914 684 1962 conuentum
696 1905 933 1972 Cartbauinensent
987 1903 1047 1956 darn
1063 1911 1172 1959 anctore
1182 1907 1346 1973 cottscripto,
1358 1907 1407 1960 ists
1421 1907 1563 1976 leguntur:
1578 1905 1705 1963 Florentii
1718 1926 1777 1965 aera

143 1987 329 2044 occurrerunt,
354 1986 509 2032 recausetttr
526 1976 661 2046 Longinus
679 1975 858 2030 Patnatiensis
879 1979 935 2045 epi·
987 1982 1064 2043 aliaue
1080 1973 1260 2038 vindemialis,
1276 1977 1333 2031 licet
1346 1989 1416 2030 ortus
1428 1994 1526 2043 earnm,
1539 1979 1589 2032 uita
1602 1990 1678 2049 atque
1690 1990 1777 2034 trans-

131 2062 288 2116 -sconuser
306 2048 642 2113 biauritaniab'resarieusi,
659 2045 935 2110 nomiaetvinde-
986 2044 1037 2096 ilas
1064 2046 1135 2111 autad
1164 2047 1223 2099 illos
1248 2048 1411 2114 llorttissaut,
1443 2050 1516 2102 uubis
1544 2059 1627 2104 lumen
1652 2049 1778 2106 Dantittrtt

132 2119 233 2175 otialis
246 2118 389 2190 (lensensis
410 2119 552 2188 episcopor
571 2134 603 2173 cx
626 2119 760 2187 provincia
786 2118 934 2187 lintacena,
986 2114 1140 2168 tancradilio
1151 2132 1258 2186 corpora
1269 2127 1486 2189 coruuntempore
1496 2135 1544 2187 aaa
1557 2121 1636 2173 uoluit
1648 2122 1776 2188 recelauit,

144 2204 217 2244 attur.
232 2189 276 2245 tio.
294 2189 366 2245 ltlear
381 2189 556 2244 vindemialis
578 2189 605 2244 in
628 2189 755 2242 Passieno
776 2196 931 2243 sanctornm
986 2195 1037 2260 etc.
1056 2186 1091 2238 llo
1105 2184 1231 2241 Florentii
1247 2187 1298 2240 tito
1314 2188 1380 2241 niltil
1397 2188 1487 2255 babet,
1510 2189 1556 2245 sed
1571 2189 1605 2244 de
1619 2190 1699 2262 2oe
1713 2192 1778 2246 vin-

144 2261 334 2315 otonacltorutn
357 2275 430 2315 nuru.
452 2262 469 2314 b
490 2258 593 2328 (Satura
610 2261 662 2314 col.
674 2258 740 2329 263)
762 2260 844 2311 soracti
859 2259 935 2314 titulo
989 2255 1096 2313 duratiali
1116 2266 1196 2326 altnae
1214 2257 1332 2328 Ettgeuin
1352 2261 1391 2314 sic
1413 2261 1544 2314 resntnit:
1562 2258 1646 2327 luitur
1666 2261 1778 2315 beatissi-

144 2333 268 2393 donatur,
279 2331 481 2401 appellaturque
493 2333 611 2384 sacerdos
631 2334 746 2401 careatur
762 2340 785 2383 et
801 2328 893 2384 Citristi
906 2331 936 2399 fi·
987 2342 1043 2380 atttts
1064 2325 1230 2382 vindemialis
1250 2330 1372 2398 Africano
1394 2329 1449 2383 salo
1471 2340 1553 2397 artus,
1577 2340 1653 2401 atque
1666 2332 1778 2386 enutritus

143 2401 206 2455 delia
221 2402 336 2456 antulcr.
359 2400 415 2457 lios
432 2415 498 2456 teto
524 2402 597 2471 ipsus
615 2415 676 2455 esee
697 2403 741 2469 qni
770 2415 784 2453 a
807 2398 936 2465 Gregorio
988 2405 1032 2461 est,
1048 2399 1121 2451 seda
1144 2398 1216 2453 beruto
1236 2401 1381 2470 confessore
1403 2399 1499 2455 Citritli
1521 2402 1640 2471 Appiano
1659 2403 1778 2472 episcopo

143 2471 294 2537 laudantur,
305 2472 357 2527 etsi
372 2473 483 2526 omniuo
497 2470 632 2526 affirmare
642 2486 694 2524 uon
710 2469 871 2536 audeamns;
886 2485 934 2525 re·
986 2469 1100 2534 edoctas,
1116 2480 1138 2521 et
1159 2471 1249 2523 calesti
1266 2473 1467 2539 cartaersatiotte,
1484 2471 1535 2540 fide
1549 2487 1578 2524 ac
1592 2472 1715 2543 reliaiaue
1728 2475 1778 2527 iru-

143 2541 255 2598 risirttile
270 2552 359 2597 umen
371 2542 448 2597 uobis
461 2540 576 2597 ridetur.
592 2541 684 2612 Neque
696 2540 768 2597 enim
783 2541 827 2596 alii
842 2557 937 2597 occttr·
987 2538 1071 2601 irrttrr,
1086 2539 1227 2610 nauantem·
1241 2541 1387 2611 niquitatem
1402 2542 1519 2610 adeatur,
1535 2544 1561 2595 iu
1575 2559 1625 2611 aaa
1637 2543 1712 2611 diuae
1725 2542 1779 2598 llea

143 2623 204 2668 tunt
228 2615 324 2668 borum
341 2613 478 2668 nominum
495 2613 635 2668 antistites
653 2612 680 2666 itt
700 2613 818 2682 anticanis
840 2628 936 2667 tnonn·
987 2609 1100 2664 militaus
1114 2614 1149 2663 ud
1165 2612 1324 2681 episcopatus
1338 2627 1403 2666 anus
1423 2629 1501 2680 rtraue
1514 2616 1641 2682 uertettt't,·
1657 2615 1701 2666 nbi
1715 2622 1738 2667 ct
1751 2617 1780 2668 itt

144 2684 250 2751 armatis,
273 2684 319 2754 qui
344 2698 404 2740 curn
430 2683 551 2753 Tttgcnio
577 2682 782 2750 Carthaginensi
807 2684 936 2739 adversus
987 2681 1779 2807 partiburrllricoeuuactuuFaueria,multasserillarsiynu

143 2753 305 2810 lluneeicum
333 2763 360 2809 et
383 2753 502 2826 Cyrilam
527 2768 577 2824 pro
600 2753 652 2809 tide
675 2752 775 2808 Christi
798 2754 936 2809 decertare
988 2752 1126 2820 nauanifico
1141 2762 1164 2805 et
1185 2753 1381 2807 innumerabilia
1401 2756 1562 2824 amnipotens
1603 2755 1703 2808 amians
1718 2771 1780 2823 ope·

143 2823 224 2897 m
247 2824 408 2896 maluissent.
432 2824 549 2881 sortem
575 2826 601 2879 itt
626 2823 739 2880 Galliam
766 2839 828 2879 cttut
849 2825 937 2895 Engo-
987 2824 1041 2876 rori
1065 2823 1186 2893 dianatns
1209 2834 1257 2878 est.
1295 2822 1394 2877 Deinde
1413 2839 1471 2878 ueto
1493 2834 1544 2878 tam
1568 2825 1780 2895 parentinatiouit

141 2900 187 2949 nio
202 2897 310 2952 uenisse
332 2904 428 2966 putant
443 2897 611 2967 albigenses,
625 2896 670 2966 qui
684 2896 759 2964 iosos
772 2895 842 2964 apud
856 2896 938 2951 vian·
988 2909 1065 2946 causa
1077 2910 1153 2961 aunam
1176 2905 1199 2946 ea
1218 2893 1407 2963 eradicationis
1428 2895 1458 2947 ab
1482 2909 1594 2950 umorem
1616 2893 1721 2960 Ciminii,
1743 2896 1779 2950 ad

143 2966 212 3021 eiam
226 2966 348 3036 apuleae
362 2965 445 3022 luisse
456 2973 680 3022 commemorant.
695 2966 820 3035 Legimus
835 2966 861 3021 lu
874 2965 936 3022 bee-
988 2963 1098 3017 ursulam
1109 2962 1240 3017 Corsicam
1254 2972 1429 3032 peruenerant,
1445 2965 1488 3019 ubi
1510 2965 1571 3019 dum
1585 2967 1662 3034 fidem
1673 2965 1778 3020 Douriui

144 3037 229 3092 alarin
243 3036 364 3094 albiensi
377 3036 411 3092 aa
424 3037 496 3093 diam
510 3038 528 3092 2
540 3037 665 3092 &tribuis
679 3078 686 3103 ‚
700 3047 853 3092 mactarunt
873 3037 937 3092 vitt-
989 3036 1070 3088 trottri
1079 3033 1142 3088 iesu
1155 3033 1250 3089 carina·
1268 3036 1452 3105 predicarent,
1466 3045 1575 3091 etc......
1592 3035 1704 3091 Sanctus
1717 3051 1778 3090 cera

144 3105 271 3163 detnialis
285 3117 314 3163 et
334 3108 448 3179 Longini
472 3117 620 3178 martyrum
638 3121 767 3176 corpora,
783 3107 862 3161 sinrul
874 3122 935 3163 cum
992 3103 1199 3160 vindemialium
1212 3108 1327 3176 prefatis
1340 3109 1454 3174 partibus
1467 3107 1623 3177 reuredum,
1635 3107 1778 3161 maritimu-

143 3178 229 3233 sancti
242 3177 353 3249 btmeaii
373 3181 459 3234 sacris
469 3178 589 3249 reliquiis
609 3194 640 3234 er
654 3178 714 3232 uico
725 3177 836 3232 vianrio
850 3181 875 3232 iu
888 3194 932 3233 ct·
949 3174 972 3237 C
987 3191 1036 3243 aare
1048 3175 1136 3231 littora
1148 3176 1285 3242 circuiens,
1299 3177 1447 3248 procellosis
1457 3178 1577 3248 fluctibus
1591 3179 1659 3233 ultra
1673 3193 1779 3248 ,maere-

146 3247 297 3304 tbedraleut
310 3251 451 3305 ecclesiam
465 3250 620 3305 albiensem
636 3248 763 3304 translata
778 3248 861 3304 luisse
880 3267 886 3301 :
908 3256 936 3306 et
989 3247 1073 3305 diens.
1095 3263 1175 3316 usque
1195 3248 1230 3299 ad
1248 3258 1360 3302 castrum
1377 3248 1510 3305 Scututtse
1527 3251 1641 3320 amunia
1653 3264 1706 3302 aas
1719 3265 1778 3303 rsus

145 3318 255 3444 auidam
275 3319 303 3375 itt
317 3319 416 3376 abactis
436 3319 564 3376 comitum
584 3319 791 3384 Tolosanurum,
815 3334 882 3388 ortas
902 3335 935 3376 ex
988 3317 1148 3371 rattctitsimo
1164 3315 1292 3390 Fauentia,
1315 3336 1374 3372 cum
1389 3336 1438 3388 atto
1456 3329 1479 3374 et
1500 3319 1583 3375 multo
1605 3320 1730 3374 miracula
1751 3319 1779 3374 is

166 3390 250 3444 ateilo
264 3403 343 3460 supra
366 3391 531 3446 laudavimus
544 3431 552 3452 .
571 3405 624 3444 nan
645 3390 732 3445 solunt
752 3390 887 3457 fingenius
908 3399 936 3446 et
988 3391 1103 3452 narrabas
1118 3389 1211 3457 Africa
1225 3397 1301 3460 alutae
1312 3388 1465 3461 Cartbauine
1479 3391 1539 3461 enit.
1552 3389 1668 3460 lrtdeqtu
1678 3391 1779 3445 senicu-

146 3460 324 3516 btnarantltua
334 3462 360 3516 in
375 3461 476 3517 viatreii
487 3462 601 3517 ccclesia
613 3463 783 3530 requiescere
797 3462 933 3527 dicuntur,
989 3468 1024 3511 las
1039 3475 1118 3525 usque
1132 3459 1172 3513 ad·
1183 3469 1294 3514 castrum
1311 3458 1457 3528 vendente,
1473 3462 1499 3515 in
1518 3461 1571 3516 iilis
1586 3461 1700 3529 partibus
1719 3462 1779 3531 pitt-

147 3530 191 3586 sea
206 3544 232 3586 et
246 3533 293 3586 alii
304 3533 514 3603 quouncsancti,
525 3546 639 3603 qtrornm
655 3532 762 3586 narnina
778 3532 935 3589 reticentur.
987 3529 1078 3582 riuram
1093 3532 1181 3600 papali
1196 3530 1386 3585 utultitudiu'em
1404 3548 1450 3585 rua
1470 3531 1653 3601 predicatione
1668 3531 1778 3586 baanna

148 3599 338 3658 vindemialem
354 3603 418 3659 itetn
432 3612 459 3658 et
478 3603 627 3674 Ettgeniunt
641 3603 782 3672 episcopos
796 3603 936 3658 celebrant
988 3609 1075 3653 noane
1089 3601 1150 3653 lesu
1164 3598 1266 3654 carana
1282 3604 1463 3667 acquisierunt.
1479 3602 1546 3657 Ttnn
1563 3611 1670 3657 sattettts
1688 3602 1780 3671 Euge·

148 3671 200 3727 ltali
212 3673 523 3743 scriptares‚denuibtrs‚
535 3690 594 3729 cum
607 3672 728 3729 nonnulli
740 3673 812 3742 ipsos
827 3674 935 3728 eiusdem
989 3670 1048 3723 nius
1062 3671 1187 3724 ininsula
1211 3688 1290 3742 arrone
1312 3671 1428 3727 vadente
1451 3683 1580 3740 castrum,
1607 3675 1706 3727 dautur
1719 3671 1778 3728 irtde

147 3757 204 3797 esse
217 3738 433 3799 existimaverint
445 3759 506 3799 cunt
531 3744 651 3814 Etrgeuiu
665 3743 888 3812 Cartltagiuensi‚
909 3755 938 3798 et
989 3740 1140 3794 milliaribus
1161 3743 1362 3806 disenteriae
1383 3743 1489 3799 structus
1511 3744 1625 3809 alicitttr3
1650 3744 1684 3797 ad
1703 3745 1779 3804 caius

149 3811 303 3869 vindemiati
325 3834 338 3866 u
354 3814 485 3884 Gregorio
499 3814 650 3870 Turuneusi
666 3816 832 3880 merueratis,
856 3829 937 3869 neon·
989 3814 1129 3876 tnmulaut,
1156 3813 1240 3880 inaruit
1266 3813 1401 3879 Titianus,
1424 3816 1505 3868 utulto
1535 3823 1558 3868 et
1582 3813 1779 3867 iuuaureraar'lia

147 3886 228 3938 ratius
240 3884 285 3939 bie
298 3886 429 3954 egelidum
444 3893 494 3939 mr.
988 3883 1147 3947 oruniuotatts
1167 3881 1293 3937 Dotniuus
1317 3885 1437 3954 iliustratus
1461 3892 1498 3938 ert
1514 3886 1615 3953 operari
1639 3885 1777 3938 mir-acula.

181 3953 224 4009 ta.
247 3954 399 4009 Tarvisium
412 3954 477 4010 urlrs
489 3966 529 4011 est
544 3956 569 4011 iu
582 3956 654 4011 ltalia
665 3956 793 4022 celebris,
812 3971 870 4024 urin
888 3954 937 4010 toti
989 3950 1101 4005 Sanctus
1122 3968 1179 4006 uera
1199 3950 1364 4007 vinaterrtialtr
1385 3972 1401 4007 a
1419 3955 1528 4023 arelato
1548 3964 1631 4008 eastra
1646 3955 1776 4015 recedens,

147 4025 273 4081 urarctriu
283 4025 430 4080 Tarnisinae
445 4041 541 4081 nomeu
556 4027 659 4082 tribuit.
676 4028 739 4095 Ejus
754 4027 847 4082 incolae
865 4040 935 4094 prae·
988 4020 1119 4077 Corsicam
1134 4039 1286 4092 properans,
1304 4024 1338 4077 ibi
1354 4025 1379 4077 iu
1399 4036 1485 4078 sarrcta
1505 4026 1635 4093 proposito
1653 4025 1776 4078 inconta-

146 4095 238 4165 ciuuos
262 4100 357 4166 patriae
378 4112 433 4150 satan
454 4106 621 4166 protectores
640 4113 672 4153 ac
694 4106 822 4168 patronos
843 4096 935 4152 colunt
988 4094 1112 4146 utirrotnnt
1126 4095 1237 4149 reddidit
1252 4095 1382 4160 saririttun.
1399 4095 1466 4149 Tutn
1481 4095 1515 4150 tle
1530 4096 1704 4149 translatione
1718 4109 1732 4147 a
1746 4111 1777 4149 se

146 4175 253 4221 sanctos
270 4166 434 4223 Florentium
449 4179 476 4223 ct
491 4168 683 4223 Vindemialem
698 4170 850 4237 episcopos,
869 4182 936 4235 ano·
988 4165 1057 4217 lacta
1074 4164 1113 4219 sic
1129 4167 1308 4225 narrationem
1328 4167 1515 4236 prosequitur:
1536 4163 1705 4231 P⁰⁸¹i¹¹⁰ll⁸⁰
1722 4163 1776 4220 Sl·

148 4251 205 4291 runt
228 4239 310 4292 istutn
333 4241 437 4292 rulitante
460 4237 567 4303 diruto,
588 4249 669 4308 atque
694 4239 817 4307 liugcnii,
842 4237 935 4293 itidem
987 4236 1088 4290 racemis
1104 4245 1206 4304 ruptum
1224 4237 1373 4299 Corsicam,
1400 4239 1543 4305 utultasqrre
1562 4235 1679 4290 ecclesius
1695 4235 1777 4289 θεία

141 4308 261 4361 dirimat
280 4309 408 4378 episcopi,
422 4308 522 4364 sactum
534 4309 615 4364 luisse
632 4316 854 4365 curttntetnoraul.
881 4308 936 4363 iios
988 4306 1775 4377 fundamentisdestructurrciatumtallarumroatpcrisretnut,

144 4375 236 4431 iaudat
252 4378 348 4432 l'ctrus
362 4379 552 4444 dalvataliltns,
567 4381 698 4436 ineadem
719 4381 836 4435 tnarcltia
855 4379 936 4450 eqti·
987 4393 1034 4444 aaa
1057 4375 1177 4430 Titianus
1205 4387 1300 4432 sattctoe
1321 4378 1478 4432 Taruisiaum
1493 4376 1775 4447 Faciatim'apircapns,

136 4447 380 4515 itttttscnisconus,
397 4451 422 4505 in
437 4450 566 4520 Catalogo
580 4461 734 4506 satiatorum
749 4451 795 4504 lib.
816 4467 851 4513 tu,
873 4464 932 4520 can.
989 4458 1051 4500 truta
1066 4447 1152 4501 diuirta
1166 4449 1199 4500 ad
1216 4451 1353 4518 prelatura
1372 4450 1473 4518 perveni
1489 4450 1610 4513 inauratam,
1635 4449 1677 4501 abi
1694 4458 1778 4502 tarne

122 4517 206 4580 -tlb,
222 4519 268 4574 niti
282 4520 436 4575 eorumdem
452 4535 564 4588 cornera
580 4535 611 4575 ert
624 4521 707 4574 iusttln
722 4521 851 4588 Corsica,
873 4534 935 4575 cum
989 4521 1075 4572 rratttis
1089 4535 1164 4585 auant
1180 4536 1196 4571 a
1210 4522 1259 4574 laci
1273 4521 1343 4573 illins
1359 4519 1450 4574 incolis
1471 4518 1607 4573 didicimus
1629 4519 1672 4573 ubi
1686 4519 1778 4574 iratis·

98 4598 158 4640 ξι
172 4588 319 4643 Saracenis
333 4590 527 4655 devastaretur,
552 4590 848 4645 Tarvisiuntol'itianu
864 4590 935 4659 ejtts·
989 4590 1111 4642 rimarunt
1136 4591 1308 4659 confessarum
1335 4590 1428 4644 Cicirri
1451 4591 1478 4644 iu
1504 4587 1667 4659 tarcapitaais
1693 4591 1778 4657 pasin

88 4656 204 4713 Qut
218 4659 293 4713 uraris
305 4661 432 4731 episcopo
444 4662 555 4716 advecta
570 4661 651 4717 latua
662 4661 767 4717 scribit.
780 4662 861 4729 liujus
870 4676 935 4715 veru
989 4676 1097 4728 corpora
1116 4661 1228 4729 lucrant,
1256 4661 1422 4716 vindemialis
1436 4662 1522 4731 ntique
1536 4675 1567 4713 ac
1580 4659 1706 4715 Florentii
1722 4662 1779 4732 eui·

84 4726 328 4785 -rubslatiunis
340 4731 462 4786 tnotninit
476 4745 581 4802 ttuoqtte
592 4731 720 4801 uglralsus
735 4743 808 4788 touta
819 4732 839 4786 v
852 4730 935 4786 ltaliae
988 4745 1182 4799 scaporttm.....
1199 4731 1266 4785 inde
1278 4747 1387 4802 corpora
1399 4747 1488 4786 eornm
1502 4733 1623 4796 decantes,
1639 4732 1672 4785 od
1685 4729 1707 4783 T
1706 4733 1778 4784 arri·

65 4802 231 4852 Querar
246 4800 274 4853 itt
288 4803 504 4856 'Tarvisianttruut
526 4803 712 4871 episcoporum
732 4804 863 4872 catalogo,
888 4802 934 4857 ubi
988 4800 1181 4854 sianumsolruu
1194 4804 1398 4870 amoeniores...
1425 4802 1606 4857 collacavimus
1627 4803 1653 4857 iu
1671 4802 1779 4856 ecclesio

169 4868 281 4924 itiannrn
297 4885 367 4925 anno
376 4874 484 4927 circiter
496 4872 757 4943 quadringentesimo
768 4874 829 4928 ltnic
843 4874 934 4928 llccle-
990 4871 1080 4924 Sancti
1094 4872 1203 4926 laattnis
1219 4870 1351 4941 baptistae.

55 4939 193 4992 Qiae
207 4940 348 5009 orselttisse
369 4942 474 4997 scribit.
504 4943 557 5000 Sed
577 4954 705 5013 natantum
729 4945 755 4998 itt
770 4945 933 5012 desigttandn
1024 4938 1242 4997 intereuntem
1259 4942 1337 5013 paulu
1353 4942 1437 4998 lusius
1447 4943 1598 5008 retulimus,
1614 4950 1643 4995 ut
1654 4949 1717 5012 note
1731 4957 1776 4999 ne·

164 5010 224 5078 ujus
253 5011 380 5069 antistitis
405 5020 515 5070 aetates
535 5028 600 5068 uero
622 5014 771 5077 dellererit,
791 5017 832 5069 vel
848 5029 881 5068 ex
901 5028 935 5069 eo
988 5013 1102 5066 cessaria
1112 5014 1143 5065 ad
1156 5014 1338 5068 illustrandam
1346 5015 1457 5069 istarum
1465 5022 1618 5068 sanctorum
1627 5013 1777 5069 lristoriam.

31 5078 270 5160 Quartum
292 5092 378 5153 potest
405 5084 477 5155 qood
502 5084 688 5153 vindemialis,
713 5087 791 5153 onitas
815 5085 936 5140 Titiattus
989 5084 1026 5136 lis
1043 5084 1090 5136 ltac
1105 5083 1205 5152 quippe
1220 5082 1317 5137 Titiani
1335 5084 1491 5139 narratione
1503 5083 1642 5153 complura
1652 5085 1780 5168 colligere

166 5157 227 5206 ttam
250 5158 393 5221 materiate
420 5156 531 5217 dicitnr,
559 5155 704 5211 conventui
728 5155 934 5224 Carthaginensi
988 5153 1058 5208 licet.
1072 5152 1162 5208 Priruo
1176 5154 1320 5222 ipsummet
1335 5152 1469 5209 Titianum
1483 5155 1576 5210 saculi
1590 5155 1675 5225 urriani
1691 5156 1778 5224 inttio,

24 5215 153 5265 Q
168 5234 209 5276 tttn
221 5225 338 5294 brionis,
362 5226 471 5293 iubente
494 5227 644 5294 iltruerico,
670 5228 760 5280 babitu
783 5227 936 5280 interfuisse
988 5235 1017 5278 ut
1032 5223 1159 5293 bunellus
1170 5223 1343 5291 existimavit,
1360 5240 1413 5281 non
1433 5225 1533 5280 risisse
1545 5243 1552 5278 :
1565 5224 1696 5293 siqnidem
1712 5223 1780 5282 vin·

49 5285 117 5329 ἱ
128 5301 321 5350 memoretur.
341 5296 376 5352 Et
398 5297 505 5366 quidem
521 5298 583 5352 licet
604 5297 732 5368 Ussltallus
750 5296 936 5352 litutericianre
988 5296 1130 5349 dentislem
1145 5305 1172 5349 et
1184 5295 1333 5365 Eugenium
1355 5297 1500 5353 conventui
1517 5294 1720 5366 carthaginensi
1735 5296 1779 5363 uni

57 5337 935 5434 ¹³ajascallauantstllsenenanmemtucrir,eamtamen
988 5367 1038 5420 sttb
1052 5366 1187 5421 llunerico
1199 5382 1263 5438 rege
1277 5365 1412 5422 annalib
1424 5374 1536 5422 coactus
1549 5374 1602 5433 est,
1627 5366 1780 5422 interluisse
1852 5404 1855 5409 <

61 5425 144 5471 ⁸
154 5433 375 5559 *indesignasse
389 5440 503 5504 uidetur,
516 5453 576 5494 cunt
588 5439 732 5508 Eugenium
747 5450 773 5494 et
783 5439 937 5494 vindemia·
989 5438 1079 5491 relect.
1096 5435 1148 5491 Setl
1160 5447 1188 5493 et
1201 5438 1322 5508 ejusdem
1345 5439 1384 5494 rei
1399 5438 1471 5493 aliod
1488 5437 1592 5508 prabet
1614 5436 1691 5491 nobis
1703 5450 1780 5505 argu·

80 5482 204 5554 “2¹1¹
222 5502 272 5560 Cor
300 5507 415 5578 aaiaetrsi
437 5520 528 5564 rantra
548 5509 657 5566 Arianos
677 5512 784 5566 concilio
806 5510 935 5575 abluisse,
990 5515 1192 5573 mentum,cum
1207 5518 1399 5564 obsanctorum
1412 5507 1543 5564 Florentii
1563 5517 1590 5563 et
1604 5506 1780 5561 vindemialis

103 5572 348 5644 ³,1aaeeasdem
359 5595 392 5634 ec
401 5579 491 5650 dirim
502 5583 708 5650 putaqueutibus
724 5583 827 5652 Arianis
841 5582 867 5636 iu
881 5577 937 5634 lta·
988 5591 1102 5647 corpora
1116 5592 1192 5633 auant
1208 5580 1233 5634 in
1256 5580 1347 5635 arbem
1372 5579 1540 5635 transtulisse
1562 5585 1654 5634 narrat
1667 5591 1700 5630 ea
1713 5584 1780 5630 teut-

147 5650 212 5695 ¹⁰ts
222 5647 382 5705 descendisse
393 5651 498 5707 scribit.
990 5664 1053 5717 pote
1066 5665 1119 5719 nuo
1134 5659 1194 5718 nost
1205 5658 1309 5719 captam
1323 5666 1339 5704 a
1353 5650 1495 5707 Saracenis
1502 5648 1640 5703 Corsicam
1654 5645 1779 5708 instalatn,

191 5713 227 5769 la.
247 5717 345 5775 verum
360 5722 395 5776 dc
412 5723 490 5779 iatius
505 5724 621 5780 aucturis
638 5739 718 5779 sensu
741 5727 825 5780 insius
843 5725 935 5793 dison·
988 5719 1084 5774 dirutae
1094 5731 1170 5775 eraut
1184 5722 1326 5777 ecclcsiae:
1343 5737 1402 5791 qttar
1416 5735 1481 5776 sane
1496 5718 1611 5788 septimo
1624 5728 1669 5771 attt
1683 5729 1779 5771 acano

10 5814 103 6218 χ
145 5776 209 5839 ¹⁸oe
220 5787 285 5846 nibil
307 5792 429 5860 interea,
449 5808 511 5850 curu
529 5796 676 5852 trabe-muts
690 5808 763 5852 tonan
778 5798 786 5851 l
801 5798 860 5851 llaii
876 5795 936 5851 ltal-
988 5791 1098 5858 sactrlrr,
1110 5791 1208 5858 quibus
1219 5792 1346 5848 Saraceni
1361 5792 1476 5847 insulam
1498 5792 1578 5844 istam
1602 5787 1720 5862 aliasque
1734 5803 1777 5845 re·
