3810 6254
118 331 155 389 p
380 343 383 347 ·
790 316 954 378 cessrunt
977 317 1031 374 nn
1706 316 1742 376 ro
1840 334 1843 342 ,

118 449 146 498 et
156 440 229 510 iusta
240 441 321 501 suut,
333 430 433 489 nostris
451 445 557 504 guoque
576 428 743 501 temporibus
756 430 843 500 eloqui
860 444 907 500 po·
918 434 947 496 Λ
959 441 1016 483 ram
1028 427 1107 498 lunge
1120 427 1224 498 potiora
1236 444 1317 502 quam
1329 429 1408 501 cupio
1425 448 1431 484 :
1445 431 1494 513 sed
1508 432 1559 491 mel
1568 442 1670 492 memor
1682 432 1743 490 olll·

119 528 218 589 sessim
229 525 334 584 bombo
349 525 393 581 ris
407 523 533 594 norelibet
547 523 663 579 bumana
676 523 766 593 lingua
780 523 905 580 srolllciet.
957 521 1003 590 cli,
1019 521 1046 577 ln
1058 521 1127 601 banc
1141 531 1242 593 partem
1256 523 1424 580 clementlam
1438 535 1509 581 tuam
1523 523 1584 582 ideo
1598 525 1742 597 prolixiore

118 621 185 690 pois
205 617 305 677 etenim
328 616 417 671 ualeat
437 616 481 670 rel
500 614 662 684 cogitatione
682 616 839 685 complecti,
856 615 907 671 ¹rol
958 609 1051 667 bortor
1072 612 1201 682 alloquio,
1227 612 1288 687 qrria
1308 614 1412 684 imperii
1427 614 1464 671 tui
1488 614 1632 687 pariteret
1648 598 1756 676 salutb'

118 728 184 769 νοω
198 710 369 780 demersere,
382 706 454 777 quod
467 708 493 760 in
507 707 565 776 ipso
577 707 716 777 utriusque
730 707 768 762 rci
783 705 908 762 laboran·
956 700 1064 767 ellectu,
1076 701 1130 759 illis
1151 711 1176 760 te
1193 703 1281 759 carolo
1295 702 1427 761 inhaerere
1441 720 1547 776 semper
1558 703 1668 777 elopto,
1682 707 1743 779 qni·

120 805 154 861 tis
166 802 282 859 articulo
293 807 323 858 el
333 799 403 856 sotis
424 797 537 868 publicis
550 798 686 869 religionis
699 808 799 854 sancte
820 798 908 855 reddi·
957 792 1007 848 bus
1025 793 1091 849 solis
1105 802 1132 849 et
1141 794 1286 864 presentis
1301 796 1375 866 regni
1387 789 1520 853 'stabilitas
1532 796 1701 863 custoditur,
1716 810 1743 854 ²¹

119 895 218 952 ditros
234 890 334 964 quieti,
352 889 404 946 nisi
418 887 489 961 quod
514 889 578 944 tanti
597 889 813 945 consideratione
826 888 908 944 mira·
958 883 1050 938 ‘vieini
1061 884 1146 953 tilliriil
1162 894 1340 954 emularetur.
1358 884 1434 941 Unde
1453 895 1515 944 ante
1529 888 1621 947 omnia
1635 903 1740 959 limi,

118 986 172 1046 cuti
185 982 410 1042 otanomuuoo
422 995 485 1037 eum
500 981 649 1052 propbeta:
667 979 731 1036 Haec
745 990 781 1036 en
800 982 907 1037 orororio
958 980 987 1027 ut
1007 974 1214 1030 Alexandrinum
1238 963 1386 1031 Ecclesiam
1415 991 1467 1034 non
1488 976 1575 1034 minus
1599 994 1616 1033 a
1638 978 1744 1035 lunesto

119 1078 231 1132 desere
243 1072 336 1129 mocisi
351 1070 438 1142 (Psoi.
453 1069 560 1142 stass),
573 1086 633 1142 puae
644 1071 794 1127 explumes
808 1082 908 1129 semor.
957 1077 1037 1134 quam
1060 1063 1094 1118 ab
1109 1064 1235 1122 haeretico
1249 1080 1392 1136 pervasore
1406 1066 1555 1123 clementiae
1573 1076 1671 1125 nestrae
1689 1069 1744 1125 dis·

119 1168 193 1238 ipsos
207 1172 331 1235 potenter
343 1161 475 1226 humiliot,
491 1170 519 1216 os
533 1159 705 1218 bumiliames
720 1176 749 1217 se
760 1162 908 1222 clementer
960 1158 1137 1228 positionibus
1152 1159 1309 1230 liberatam,
1324 1161 1458 1218 catholico
1476 1176 1508 1218 ac
1528 1158 1647 1234 legitimo
1664 1164 1753 1232 restis

118 1257 241 1315 exaltati
260 1253 289 1312 Ιιι
309 1255 405 1326 quibus
422 1254 503 1309 etiam
520 1253 544 1308 si
560 1253 766 1322 dispensationis
784 1269 908 1322 superna
958 1247 996 1303 tui
1010 1247 1143 1304 censeatis
1156 1249 1285 1315 antistiti3
1306 1250 1399 1323 cisque
1418 1250 1499 1307 etiam
1513 1266 1581 1324 quos
1593 1252 1744 1310 temeritate

119 1350 242 1422 sagadm
255 1361 381 1404 mensura
400 1344 522 1411 libretur,
542 1344 663 1416 prolecto
677 1344 814 1402 cridenter
827 1361 910 1417 appa-
958 1337 1090 1394 diabolim
1103 1339 1217 1396 dirersis
1236 1339 1357 1396 ecclesiis
1367 1339 1506 1397 ordinasse
1520 1341 1674 1412 perhibetur
1688 1343 1745 1414 eje·

118 1451 178 1511 res,
199 1440 262 1497 ideo
274 1437 438 1511 perlldorum
460 1436 601 1506 irrepsisse
623 1435 785 1507 perniciem,
799 1445 829 1494 ut
843 1437 909 1495 lidos
958 1430 1019 1495 ctis,
1034 1441 1115 1486 rectae
1128 1430 1190 1486 lldei
1202 1431 1340 1502 subrogari
1353 1431 1522 1488 constituatis
1537 1432 1678 1504 episcopos
1692 1449 1701 1491 ι
1715 1443 1745 1490 ιιι

116 1532 268 1589 elementia
297 1539 351 1585 tuae
380 1527 462 1583 etiam
491 1525 562 1582 inter
593 1524 706 1581 adressa
732 1525 907 1595 probaretur;
958 1521 1027 1576 sicut
1042 1520 1233 1591 rempublicam
1247 1531 1364 1578 vestrano
1377 1537 1393 1577 a
1407 1523 1546 1596 tyrannica
1561 1521 1744 1581 dominatione

119 1632 275 1694 quantoque
296 1618 383 1688 magis
403 1616 485 1672 rebus
505 1615 593 1687 urgeri
615 1613 769 1672 crederetur
786 1613 908 1687 sollertis.
960 1612 1107 1683 nutscelle,
1123 1613 1159 1667 its
1171 1613 1269 1684 ubique
1283 1613 1432 1670 Ecclesiam
1447 1615 1494 1671 liei
1509 1614 1543 1670 ab
1557 1613 1745 1673 hereticorum

116 1723 191 1770 tante
207 1713 305 1769 clarius
316 1720 404 1766 vestra
417 1707 623 1779 magnanimitas
635 1705 789 1763 immineret
805 1723 814 1760 a
829 1715 910 1777 atque
959 1702 1107 1759 latrociniis
1134 1712 1214 1775 atque
1235 1704 1366 1775 contagiis
1391 1707 1511 1771 esnatis;
1534 1719 1585 1762 nec
1609 1705 1635 1762 id
1656 1705 1745 1778 potius

116 1806 153 1860 ob
177 1805 228 1861 boc
251 1798 464 1858 mansuetudinis
493 1807 588 1855 restro
609 1797 644 1854 de
664 1785 906 1868 Constantinopoli·
922 1793 1108 1865 Bpraeralere
1131 1793 1277 1866 patiamini,
1298 1792 1369 1865 qrrod
1391 1793 1518 1866 iniquitas
1540 1801 1702 1866 temporum,
1716 1804 1746 1851 et

118 1902 181 1947 tana
193 1891 261 1948 urbe
270 1890 427 1962 provenisse
436 1888 594 1953 discessum,
607 1897 635 1941 ot
646 1886 827 1944 universorum
837 1887 908 1945 ‹lesi-
957 1899 1005 1943 eos
1019 1900 1086 1957 goos
1096 1901 1150 1942 nors
1163 1886 1250 1943 solum
1266 1897 1356 1943 nestro
1371 1888 1494 1957 imperio,
1515 1887 1563 1944 sed
1577 1895 1604 1944 et
1618 1885 1646 1944 io
1659 1886 1745 1945 Deum

116 1983 201 2040 deriis
213 1980 344 2053 sapenti,
365 1980 448 2052 gloria
468 1977 568 2047 majore
584 1977 724 2044 rediretis;
747 1986 777 2033 ut
790 1993 822 2035 es
842 1993 908 2040 con·
957 1991 1064 2049 queque
1081 1977 1189 2035 rebellio
1208 1977 1318 2051 spiritus
1339 1978 1499 2045 concitarit;
1520 1995 1599 2053 quam
1613 1979 1685 2051 qaod
1704 1987 1745 2035 tor

116 2073 259 2130 trariorum
269 2070 407 2143 periculo,
419 2068 489 2140 quod
507 2068 535 2124 in
551 2068 627 2124 robis
640 2076 713 2125 esset
726 2069 829 2125 cunctis
843 2069 913 2144 utile
958 2071 1078 2140 tantique
1099 2070 1248 2143 pontilices,
1273 2082 1301 2127 et
1321 2086 1382 2127 cum
1402 2072 1518 2144 egregiis
1535 2072 1745 2144 orthodoxisque

117 2170 283 2220 nosceretur.
301 2159 433 2216 batidicae
452 2158 578 2216 nimirum
598 2156 671 2214 illius
686 2156 793 2216 uirtutis
810 2172 907 2214 erem·
958 2159 1129 2229 pontificibus
1147 2160 1305 2217 universalis
1327 2159 1454 2218 Ecclesiae
1468 2162 1585 2219 decrerit
1606 2176 1744 2220 essemus.

117 2257 173 2326 plo,
192 2269 243 2325 pua
255 2253 385 2324 singulari
401 2250 527 2323 patzeom
541 2250 641 2305 cedens
654 2249 791 2320 paululum
809 2248 907 2315 lurori·
956 2248 1181 2309 lilraleedonensis
1193 2250 1289 2323 spoodi
1307 2252 1463 2318 constituta,
1477 2253 1520 2308 rel
1537 2267 1643 2325 eaquae
1657 2241 1745 2310 beate

118 2346 170 2401 bus
184 2344 334 2415 parricida,
348 2343 477 2399 continuo
490 2340 629 2397 rictorem
648 2339 806 2411 populorum
821 2341 908 2410 preci·
957 2339 1094 2396 memoriae
1115 2341 1297 2412 predecessor
1318 2356 1394 2399 meus
1414 2342 1469 2399 Leo
1490 2344 1635 2416 apostolica
1651 2343 1754 2402 erudi-⁴

118 2439 169 2492 bus
184 2436 338 2506 imploratus
353 2432 541 2503 praestantiore
555 2432 660 2502 lastigie
674 2440 717 2488 est
739 2447 864 2488 resersus
878 2434 907 2489 in
958 2431 1030 2488 tione
1050 2430 1199 2500 perdocuit,
1228 2432 1385 2490 intemerata
1414 2434 1504 2505 rigere
1525 2435 1659 2505 lubeatisr
1683 2437 1745 2506 quis

119 2543 240 2598 segonum.
264 2525 368 2582 latare
388 2524 478 2593 igitur,
497 2522 659 2580 uenerabilis
682 2523 837 2592 imperator,
860 2538 907 2579 cos
957 2536 1007 2578 nee
1018 2523 1167 2585 ullomodo
1181 2533 1281 2581 retract
1291 2525 1321 2582 oi
1336 2534 1424 2597 potest
1437 2527 1508 2597 quod
1523 2527 1632 2588 illorum
1647 2527 1746 2585 delani-

118 2618 201 2674 luisso
215 2629 274 2673 tuos
284 2615 378 2672 hostes
391 2616 437 2687 qui
448 2613 610 2670 exstiterunt
625 2613 776 2669 Divinitatis
789 2613 906 2684 irrinrici;
956 2613 1029 2680 tione
1049 2613 1164 2684 sopitum
1181 2626 1235 2683 est,
1254 2631 1304 2675 nce
1318 2617 1451 2674 ullatenus
1467 2618 1550 2691 recipi
1573 2617 1671 2676 totiens
1692 2634 1746 2675 uno

119 2717 197 2778 atque
219 2707 305 2778 gaude
319 2721 379 2763 eum
402 2704 522 2762 Ecclesia
544 2704 691 2772 laborasse,
717 2713 744 2760 et
763 2719 823 2761 cum
845 2706 906 2763 bdel
958 2703 1076 2774 undique
1096 2720 1143 2760 ore
1161 2705 1313 2763 damnatus.
1330 2708 1389 2778 lpsa
1410 2719 1453 2765 est
1475 2710 1584 2782 quippe,
1608 2711 1677 2767 sicut
1692 2727 1745 2772 cr·

118 2798 390 2854 corbolieallbcrtate
403 2795 545 2870 imperium
560 2795 723 2861 restitutum,
738 2803 819 2866 atque
838 2807 866 2851 ut
881 2797 908 2852 iu
957 2793 1026 2866 perti
1049 2796 1124 2861 estis,
1150 2796 1285 2852 eatlrolica
1306 2796 1383 2867 lldes,
1407 2815 1466 2870 orta
1487 2809 1611 2870 potentes
1629 2801 1663 2858 de
1680 2803 1746 2859 sedo

119 2889 244 2946 uolonibus
255 2887 354 2946 doceas
371 2901 479 2943 causam
494 2884 543 2942 tibi
555 2900 616 2942 cum
631 2885 687 2942 lieo
705 2899 767 2942 esse
785 2901 907 2943 commu·
958 2883 1021 2940 laesa
1036 2883 1172 2955 deposuit,
1184 2895 1212 2942 et
1227 2887 1385 2945 exaltandos
1404 2888 1519 2952 humiles
1537 2889 1668 2948 custodita
1687 2906 1745 2948 ser-

118 2993 192 3045 nem,
208 2980 285 3047 eujus
297 2993 349 3048 ope
362 2977 476 3033 viriliter
490 2975 575 3033 laetus
587 2976 700 3039 insistes
723 2986 751 3032 ut
765 2992 814 3046 per
826 2993 906 3047 quem
958 2976 1039 3031 rasit.
1056 2976 1147 3044 Quare
1168 2978 1235 3034 satis
1252 2979 1383 3050 agendum
1404 2990 1445 3038 cst
1465 2982 1557 3054 pietati
1580 2991 1644 3050 tuac,
1657 2993 1686 3039 ut
1700 2988 1745 3055 qut

118 3072 241 3141 publicos
251 3072 422 3128 incubatores
434 3070 549 3140 subegit,
561 3069 689 3127 Ecclesiae
698 3083 804 3140 quoque
815 3069 908 3142 depel-
959 3063 1038 3135 hujus
1051 3065 1099 3122 tibi
1110 3076 1205 3125 auctor
1217 3076 1259 3124 ml
1269 3068 1343 3136 doni,
1361 3070 1398 3126 sit
1411 3067 1471 3142 ittae
1482 3071 1563 3129 etiam
1576 3083 1747 3145 propagator.

118 3171 155 3222 lat
171 3176 309 3238 tyrannos.
325 3165 399 3221 sicot
411 3164 486 3227 ‚enirn
503 3161 588 3231 pietas
604 3171 692 3216 vestra
710 3163 804 3217 morito
817 3171 905 3220 recte·
919 3163 944 3228 C
959 3155 1023 3210 Data
1039 3167 1134 3213 oetam
1156 3158 1202 3231 [al.
1218 3158 1337 3232 septimo]
1363 3160 1424 3217 idus
1442 3160 1568 3219 Octobris
1581 3164 1663 3236 (anno
1680 3162 1745 3222 clar.

118 3273 172 3326 qne
186 3255 303 3321 conlrdit,
321 3255 368 3311 illo
382 3270 431 3312 nos
446 3263 567 3322 temporo
587 3252 652 3308 nibil
666 3251 738 3307 aliud
759 3252 843 3309 Deum
859 3271 909 3310 uo·
958 3248 1023 3321 llll
1038 3249 1278 3320 postconsulatum
1293 3251 1414 3311 Basilisci
1428 3261 1455 3310 et
1472 3252 1586 3314 Armati.

118 3359 204 3404 strum
217 3347 373 3417 suppliciter
386 3346 554 3415 implorasse,
568 3359 648 3413 nuum
663 3352 692 3399 ut
703 3342 780 3399 nobis
794 3343 908 3402 Romani
1267 3384 1431 3446 mmm

117 3439 225 3508 torpori
247 3438 375 3510 presules
394 3436 487 3507 quales
510 3450 580 3490 stunc
595 3435 740 3505 loquimur,
760 3435 907 3493 redderen-
1297 3508 1301 3515 .
1408 3432 1415 3443 ‘

118 3541 180 3594 usr;
199 3529 236 3584 ita
257 3528 406 3599 exspectari
427 3527 528 3594 cernis,
550 3534 580 3582 ιιι
603 3525 757 3596 huiusmodi
783 3541 831 3584 ros
848 3543 909 3591 esse
1136 3515 1223 3558 ’Μ’
1237 3518 1270 3557 ⁴⁰
1287 3516 1435 3560 ’ΜΝ
1449 3514 1567 3562 ww·

118 3626 241 3693 ipsorum
267 3632 373 3678 aarum„
400 3621 531 3693 qualitate
560 3622 726 3679 mongpepis,
756 3621 907 3691 simplicite,
960 3609 1122 3682 Simplicium
1141 3614 1173 3667 de
1192 3614 1374 3669 Alexandrinae
1386 3612 1510 3672 Ecclesiae
1528 3627 1597 3672 stota
1615 3619 1746 3677 certiorem

118 3731 223 3784 queso
247 3723 367 3785 augustae
393 3713 530 3771 rneonorie
556 3713 684 3771 llarclani
706 3725 787 3785 atque
810 3714 909 3771 Leonis
994 3681 1658 3829 ssffgbifffmu⁰ffifflwxffirz⁰gm⁸r
1673 3685 1749 3747 Μ

117 3808 195 3861 onml
215 3805 316 3860 mando
338 3804 509 3873 corrspicuam
533 3804 663 3860 catholica
682 3804 825 3862 devotione
844 3820 909 3862 con·
993 3809 1047 3875 pepi
1063 3821 1324 3879 gpcpgpoerpgppam
1336 3839 1399 3891 pm,
1413 3840 1444 3880 ω
1459 3775 1748 3886 mmmmm&

118 3897 245 3953 stairoam
257 3913 265 3962 ;
276 3905 303 3951 et
315 3895 416 3951 salubri
431 3894 648 3952 consideratione
662 3897 829 3966 perpendite,
845 3912 907 3953 cum
994 3892 1146 3946 restitutam.

119 3991 150 4042 iu
163 3987 259 4042 sodon
271 3984 331 4042 loco
344 3994 418 4042 stare
426 3986 597 4056 nequiuerint
610 3985 657 4056 qui
671 3986 705 4040 ab
722 4000 814 4042 eorum
829 3985 910 4041 recti·
960 4002 1074 4058 pomino
1089 4003 1244 4060 pgggoepmg
1264 4014 1357 4061 „nego
1378 4005 1444 4071 „app
1465 4007 1666 4078 arbiriopiocopo
1686 4009 1755 4082 [w

120 4078 215 4134 tudine
225 4076 379 4141 deriamnt,
395 4089 577 4132 successorem
597 4075 678 4145 regie
691 4075 831 4144 potestatis
842 4072 910 4146 legi·
1080 4072 1199 4129 triorclroe
1209 4073 1337 4147 episcopo]
1352 4074 1490 4146 Simplicio
1501 4077 1624 4134 acacius.

119 4170 228 4231 timum,
240 4182 272 4227 ae
283 4167 413 4224 diuinitus
430 4166 585 4223 attributum
599 4182 661 4222 eum
673 4165 731 4222 lure
745 4165 804 4222 sine
815 4166 908 4238 dubio,
995 4162 1208 4221 Solchitutlinem
1232 4165 1352 4222 omnium
1376 4164 1574 4237 Ecclesiamm,
1598 4169 1744 4228 seeundum

120 4264 167 4330 oui
181 4261 288 4315 illorum
303 4259 363 4317 lrdei
380 4259 529 4330 perstiterit
547 4258 676 4315 imitator.
692 4258 789 4324 Debes,
808 4258 909 4330 glorie·
959 4255 1117 4327 Apostolum
1133 4254 1176 4329 (ll
1193 4254 1252 4315 Cor.
1269 4256 1319 4330 xl),
1334 4256 1567 4329 circumferentes,
1584 4277 1634 4319 uos
1646 4263 1747 4323 lodesi-

120 4340 228 4407 sissimo
237 4358 266 4407 et
278 4349 485 4407 clementissime
499 4348 537 4404 loli
552 4349 706 4420 imperator,
720 4359 839 4419 augustae
852 4365 909 4405 me·
960 4356 1055 4405 neuter
1069 4347 1224 4414 hortamini,
1237 4343 1360 4418 promoti
1374 4358 1469 4420 sponte
1483 4349 1623 4423 vigilantes
1635 4368 1668 4410 sc
1677 4336 1747 4427 praess

119 4443 216 4500 moriae
229 4448 362 4498 tantomm
371 4439 489 4516 uirorum
502 4439 647 4510 taliumque
656 4439 845 4509 reverentiam,
861 4441 909 4497 de·
960 4447 1100 4495 currentes
1116 4456 1123 4492 :
1138 4438 1186 4496 sel
1199 4438 1375 4497 rosditinum
1389 4440 1475 4497 zelum
1490 4441 1569 4498 solito
1583 4443 1680 4518 [diuino
1689 4445 1746 4503 selo

119 4534 258 4594 becomes
272 4530 428 4589 muneribus
443 4531 501 4586 liei.
520 4529 567 4587 ille
583 4539 609 4587 te
630 4531 663 4586 ad
679 4529 791 4588 istorum
804 4530 910 4588 reduxit
923 4540 949 4602 n
960 4529 1094 4601 sollicitos]
1114 4528 1316 4597 dernenstratis,
1330 4541 1429 4588 statum
1445 4532 1633 4592 Alexandrlnar
1651 4537 1746 4596 Eccle-

120 4625 284 4696 imperium:
298 4631 327 4679 ta
349 4621 405 4678 beo
418 4621 477 4678 istis
498 4621 613 4677 similem
634 4621 719 4678 redde
739 4620 906 4679 lamulatum.
960 4617 1008 4676 siae
1022 4618 1122 4678 certius
1142 4622 1325 4693 requirentss;
1342 4632 1371 4677 ut
1392 4637 1440 4695 pro
1461 4625 1579 4692 potentis
1598 4627 1746 4685 sationibus

120 4719 156 4774 Et
171 4716 231 4786 puis
246 4714 304 4771 bac
317 4713 395 4769 beato
410 4711 538 4782 Apostolo
554 4710 668 4767 docente
681 4725 731 4768 nos
749 4711 829 4767 Petro
847 4726 906 4769 mes
960 4708 1113 4779 suscipiatis
1134 4709 1265 4778 laborem,
1288 4709 1409 4783 piissimo
1426 4715 1558 4771 stillantes
1578 4718 1677 4775 sudore
1695 4734 1746 4790 pru.

120 4822 210 4876 nuper
224 4802 374 4881 bumilitate
392 4800 565 4873 praedicante,
586 4800 700 4857 relutata
713 4809 786 4868 sunt,
801 4815 816 4856 a
830 4816 909 4858 casu·
960 4800 1012 4867 luis,
1028 4802 1097 4857 sicut
1110 4815 1216 4871 semper
1230 4811 1272 4858 est
1290 4803 1477 4874 approbatum.
1493 4805 1548 4863 Sed
1562 4806 1682 4865 corrono
1693 4811 1745 4866 bo·

120 4900 172 4962 ris,
190 4896 244 4949 beo
258 4892 371 4958 lentore,
387 4890 526 4962 prouolant
546 4891 573 4946 in
590 4891 664 4960 regni
685 4891 819 4947 soliditate
832 4907 907 4948 man·
960 4891 1050 4948 minus
1061 4901 1161 4962 noster,
1176 4893 1219 4963 oui
1235 4893 1406 4964 diligentibus
1419 4911 1449 4952 so
1463 4896 1489 4952 in
1508 4898 1606 4954 benum
1616 4915 1745 4972 coopera-

119 4989 204 5043 suris.
220 4985 347 5056 Equidem
367 4982 464 5039 litteris
478 4998 544 5052 quas
558 4991 648 5039 restra
666 4983 807 5040 clementia
825 4981 908 5041 desti·
961 4993 1003 5042 tur
1020 4986 1110 5060 (llam
1134 4989 1201 5059 stra),
1224 4989 1323 5049 nostris
1341 4992 1545 5063 cogitationibus
1571 4997 1699 5063 insidens,
1717 5008 1752 5054 et.

103 5080 210 5158 ¹nasit,
238 5079 332 5149 pignus
359 5075 517 5132 immensum
541 5076 701 5133 venerandas
726 5077 907 5149 religiositatis
960 5091 1041 5132 anam
1053 5079 1129 5134 nobis
1146 5080 1171 5134 in
1184 5078 1226 5135 llis
1239 5090 1355 5137 mentem
1368 5093 1447 5152 asopus
1461 5085 1583 5143 eamdem
1595 5102 1644 5158 pro
1657 5089 1742 5161 gloria

120 5168 269 5237 accipiens,
280 5175 309 5223 et
322 5165 423 5237 ingenti
435 5166 611 5237 gratulatione
625 5167 740 5236 respiro,
756 5175 782 5223 ct
796 5169 907 5225 omnino
959 5184 1007 5225 sua
1021 5185 1083 5227 esse
1094 5185 1270 5243 cognoscens,
1282 5189 1389 5230 orrrnem
1402 5177 1540 5234 victoriam
1551 5178 1608 5250 lpse
1620 5181 1743 5252 perlecit,

120 5273 177 5311 roeo
189 5254 296 5326 ambigo
308 5265 425 5311 mentem
439 5265 554 5311 restrum
569 5254 596 5311 in
612 5257 692 5312 rebus
706 5255 805 5314 divinis
816 5270 906 5328 gestu·
959 5270 1099 5317 consortes
1115 5277 1165 5318 nos
1177 5277 1237 5319 cum
1253 5263 1473 5336 tranquillissimo
1489 5269 1609 5341 principe
1626 5271 1743 5338 latiens,

157 5419 171 5448 ⁸
187 5411 215 5490 ln
231 5407 292 5465 cml.
309 5406 444 5463 vetustiss.
458 5406 619 5490 Erlsingeasi
637 5422 717 5491 saec,
734 5416 762 5462 ut
778 5408 840 5463 abbi
854 5423 903 5490 ao·
955 5390 1084 5469 mernorioe
1097 5414 1259 5486 Simplicium
1272 5435 1305 5490 pn
1344 5420 1502 5478 ransom
1515 5426 1594 5496 asiis,
1609 5428 1652 5482 sii
1667 5431 1742 5484 dors·

119 5490 230 5540 tantast,
259 5492 320 5540 tttt,
345 5478 402 5531 ltaec
430 5478 541 5544 epistola
567 5487 601 5531 sta
626 5477 900 5552 ctrursltetttrrlpsetp.
956 5492 1046 5537 nolam
1062 5485 1266 5541 relulierrpm
1281 5489 1493 5548 gemiminum·

119 5549 266 5619 exemplum
280 5547 391 5618 epistola
402 5563 476 5616 prtern
488 5546 549 5619 pic)
564 5548 630 5600 misit
643 5546 751 5600 Acutius
761 5549 795 5600 sd
809 5557 903 5602 sanctoe

119 5673 240 5717 rerarrrer
252 5677 337 5714 arrone.
352 5663 384 5713 ab
399 5659 510 5713 barleana
524 5659 575 5711 otro
595 5658 685 5727 lausto
699 5669 794 5713 terreno
807 5660 908 5714 solutas
961 5676 1020 5715 rum
1031 5675 1140 5716 sumum
1155 5662 1309 5732 insurrexit,
1325 5663 1367 5718 cui
1381 5665 1554 5734 imperatores
1568 5666 1612 5734 qui
1627 5680 1745 5735 preces·

118 5747 169 5791 est.
182 5733 219 5787 lta
231 5734 258 5787 in
271 5733 444 5801 semetipsum
453 5730 526 5798 justo
541 5728 586 5784 bet
600 5727 700 5797 judicio
714 5729 811 5785 tirrdea
824 5730 908 5787 scele-
961 5739 1054 5787 serunt
1066 5733 1155 5802 irrigue
1171 5734 1314 5790 admodum
1330 5734 1495 5804 iproeorsot.
1509 5732 1573 5790 Ser.
1590 5730 1691 5798 burrus.
