3810 6254
162 283 214 340 595

782 275 902 332 stoorlu
924 273 1148 331 scubllrlattls

1756 281 1810 340 596

160 409 226 473 tuh,
245 416 258 449 ι
273 406 378 476 almique
395 404 466 467 lasti,
479 403 652 455 acolanorum
667 405 708 454 cst
722 399 756 454 ab
775 398 847 453 omni
859 396 952 453 Gallie
966 402 1049 464 Aras
1060 392 1075 433 d
1088 396 1265 468 proquiritata
1275 415 1280 449 :
1290 398 1365 471 cujus
1377 398 1565 471 peremptoriis
1575 396 1675 455 abolita
1689 397 1810 459 rubricis

161 512 233 560 emto
250 497 411 572 prirnoribus
423 496 626 567 advocatorum,
637 503 665 547 ιιι
679 492 824 547 festivitate
835 506 955 562 praeven-

160 603 204 649 tas
220 593 301 649 horas
313 591 497 657 antelucanas,
509 601 569 669 qoae
583 585 655 642 diem
672 598 762 641 serum
775 597 835 638 cum
847 581 956 638 silentio

160 685 395 756 praestolarentur,
412 695 528 753 congrua
546 679 702 735 meritorum
721 677 834 733 luscium
850 674 955 733 blaude

160 774 345 831 honestarent.
362 773 492 827 Nicetium
506 771 630 843 protinus
651 772 871 840 circumspexere
889 784 955 825 cou-

159 869 260 937 specri:
277 867 321 936 qui
337 881 389 919 utin
401 864 501 919 sensim
515 862 734 935 singulatimque,
749 862 796 917 sed
808 861 954 929 tumultua-

159 958 207 1014 tim
222 960 321 1027 petitos
334 966 362 1011 ιι
373 957 500 1021 carnotim,
518 971 578 1011 curn
594 954 710 1026 quodam
722 955 835 1026 prologo
845 953 955 1026 pudoris

159 1052 261 1105 stallum
279 1051 399 1105 ruodestc
412 1049 545 1105 demissus
564 1049 687 1104 irrubuit.
706 1049 793 1127 Atque
803 1049 837 1104 ob
850 1049 900 1104 hoc
913 1048 953 1103 illi

158 1148 305 1202 niaximum
325 1143 424 1215 sophos
443 1158 496 1197 non
512 1142 663 1212 eloquentia
683 1141 757 1212 prins
780 1145 951 1225 221qoam

157 1237 320 1295 verecundia
334 1236 417 1290 dedit.
437 1237 506 1290 Dixit
519 1235 660 1306 disposite,
673 1237 801 1309 grauiter,
814 1236 950 1301 ardenter,

157 1347 254 1407 magna
270 1330 435 1395 acrimonia,
453 1329 554 1399 urajore
572 1328 712 1399 facundia,
736 1329 850 1383 trraxima
871 1327 951 1384 disci-

156 1427 245 1498 pliua;
256 1433 282 1481 el
293 1424 501 1493 illamSarrauis
514 1421 616 1478 ebriam
628 1422 715 1476 soccis
730 1422 799 1476 inter
813 1422 949 1491 crepitan-

156 1519 194 1576 tia
205 1524 341 1589 segolenta
354 1516 496 1588 palmatam
519 1514 579 1586 plus
594 1515 664 1586 picta
679 1515 814 1582 oratioue,
830 1513 889 1583 plus
900 1528 949 1567 au·

156 1629 202 1670 rea
213 1611 425 1668 convenustavit.
439 1608 489 1664 Per
501 1608 587 1679 ipsum
604 1605 659 1662 lere
674 1615 788 1677 tempus,
802 1615 832 1660 ιιι
844 1605 951 1659 dcccm-

156 1704 276 1761 riraliter
289 1703 399 1773 loquar,
418 1714 429 1741 ⁰
442 1700 529 1761 leude
542 1698 746 1770 praescriptione
759 1696 882 1751 tricennii
894 1695 951 1751 lue·

1007 489 1042 546 lis
1054 486 1142 545 omnis
1157 489 1184 545 in
1204 498 1310 547 sextum
1323 498 1404 547 tracto
1418 492 1630 571 quinquennium
1640 492 1811 563 terminaba-

1009 592 1062 639 tur.
1073 581 1149 640 ilaue
1160 583 1229 639 iutra
1243 583 1342 640 Gallias
1359 594 1371 623 ι
1387 595 1450 641 ame
1462 585 1591 641 nescitam
1606 584 1712 657 primos
1726 601 1810 659 quero

1007 675 1158 747 loquimur,
1172 685 1263 732 orator
1273 676 1370 733 indidit
1381 676 1630 749 prosecutionibus,
1646 677 1737 735 edidit
1760 678 1810 734 tri-

1006 767 1161 836 bunalibus,
1172 768 1290 841 prodidit
1302 770 1433 840 partibus,
1441 768 1542 825 addidit
1555 770 1650 843 titulis,
1662 769 1813 843 frequento

1007 870 1153 927 consentu,
1165 861 1356 937 rarosedente,
1369 863 1459 932 paucis
1469 862 1624 935 sententiis,
1639 862 1739 919 multis
1750 862 1813 918 latr-

1006 953 1095 1011 dibus.
1111 953 1213 1009 Praeter
1226 954 1297 1021 isla,
1313 969 1360 1024 per
1377 955 1443 1009 alias
1454 955 1528 1011 vices
1553 954 1705 1020 docuinam
1731 955 1811 1011 illios

1006 1046 1240 1119 (quomorecitius
1251 1047 1332 1103 homo
1345 1046 1466 1121 discituri
1480 1048 1669 1104 inobserratus
1681 1048 1810 1123 inspexi,

1005 1149 1070 1199 tunc
1083 1156 1160 1212 eum,
1174 1155 1233 1211 quae
1249 1140 1316 1211 regit
1334 1140 1487 1212 provincias
1511 1139 1645 1208 iascibus,
1659 1139 1813 1197 Nicetiano

1005 1243 1144 1311 regeretur
1158 1234 1317 1306 praelectum
1334 1233 1458 1289 t·oosilio.
1474 1232 1544 1301 Quid
1557 1233 1662 1289 mulla?
1676 1232 1721 1291 Nil
1733 1232 1811 1309 quod

1003 1342 1057 1384 nort
1077 1342 1165 1383 meum
1179 1326 1287 1395 vellem,
1302 1325 1338 1380 nil
1356 1326 1427 1395 quod
1447 1340 1499 1380 ooo
1514 1325 1676 1396 admirarer,
1698 1326 1811 1382 audiri.

1002 1420 1117 1493 Propior
1143 1434 1203 1490 quae
1227 1418 1318 1474 omnia
1347 1418 1417 1474 bona
1441 1419 1467 1473 in
1483 1418 1542 1473 viro
1568 1419 1636 1488 sita,
1661 1419 1745 1481 laetor
1772 1418 1812 1476 ad

1004 1519 1101 1583 puncta
1116 1511 1237 1567 censoris
1256 1512 1376 1566 omnium
1392 1525 1459 1566 voce
1480 1511 1672 1567 concelebrati.
1687 1511 1813 1571 Grandi-

1004 1612 1045 1661 ter
1056 1604 1127 1659 enim
1144 1619 1190 1658 sua
1208 1605 1233 1658 in
1248 1602 1377 1659 utramvis
1391 1603 1425 1659 de
1439 1618 1481 1659 me
1498 1603 1652 1675 opinionem
1666 1608 1811 1664 sententia

1002 1696 1093 1753 salet:
1109 1711 1184 1768 quae,
1207 1696 1229 1750 si
1243 1694 1252 1734 ¹
1271 1710 1334 1751 vera
1348 1696 1546 1767 comperimus,
1561 1703 1665 1753 lantum
1679 1697 1751 1759 mihi
1764 1709 1813 1758 est

156 1909 232 1974 misi,
262 1903 337 1963 erim
364 1915 391 1961 ιιι
413 1905 522 1977 leuique
542 1904 628 1957 auimo
648 1901 772 1959 solemnio
797 1899 871 1971 apicii
896 1897 985 1960 ntuli
1034 1891 1153 1960 bliujus
1165 1893 1248 1949 moris
1262 1894 1369 1964 publice
1385 1893 1578 1950 laudandorum
1589 1896 1738 1952 ctrnsulum
1755 1915 1808 1953 ca·

80 1966 84 1972 ’
154 1968 292 2047 liberorum
307 1978 442 2047 suscipias
459 1976 497 2028 ilc
514 1973 609 2030 lustini
627 1987 733 2043 quoque
752 1971 864 2041 hrrqrrsli
883 1984 948 2022 con·

154 2052 243 2106 solato
256 2042 387 2121 Corippos
405 2048 449 2102 lib.
466 2061 508 2099 tr:

214 2191 282 2243 bona
295 2189 451 2239 calendarum
463 2198 565 2249 quorum
578 2189 617 2233 est
630 2195 659 2233 ea
671 2180 857 2292 comparamur

744 2256 792 2292 am.

215 2252 307 2307 Olliciu,
322 2257 347 2301 el
359 2251 446 2299 turmis
458 2246 560 2310 impletu
577 2244 690 2295 felicibus
704 2258 732 2291 au

213 2314 362 2366 Toureclsm
373 2310 471 2361 rtuiium
483 2311 624 2373 spumisque.
636 2308 765 2370 capacibus
776 2318 871 2353 aurum.

152 2444 244 2505 Abbis
257 2444 327 2496 oraim
342 2441 439 2508 sportis
451 2455 560 2495 nomen.
573 2438 674 2493 most-ac
686 2446 799 2490 nostrae:
810 2432 946 2507 Sportula,

152 2524 184 2572 rot
196 2518 221 2570 ἰν
230 2512 336 2590 crepidi
350 2512 466 2595 διδόμενα
476 2512 553 2575 ξένια.
747 2576 754 2588 ⁶
889 2576 894 2586 ι

189 2586 339 2638 r'lalaettae
367 2597 462 2650 opinor
496 2582 621 2635 eburneae
643 2577 769 2632 Coosohs
796 2576 948 2629 riori-imbus

151 2655 307 2723 insculptas,
330 2669 397 2723 qous
418 2656 443 2706 io
460 2651 586 2719 auspiciis
606 2649 761 2711 corisulatus
779 2647 836 2702 dari
856 2646 948 2705 solitas

152 2728 253 2791 iudicat
265 2724 428 2780 Claudianus
444 2722 490 2777 lib.
501 2737 529 2776 ru
543 2720 576 2776 de
591 2720 714 2793 laudibus
728 2718 884 2775 stiliconis:

212 2861 274 2913 Tum
284 2861 375 2911 virides
386 2861 481 2922 pardos,
493 2866 518 2909 el
527 2866 617 2908 eurora
630 2855 721 2916 colligit
739 2855 823 2907 hustrl

213 2924 337 2985 Prodigia,
358 2927 530 2983 immunesque
543 2921 613 2969 simol
628 2920 727 2971 Latonia
739 2920 829 2969 delites

213 2982 261 3044 Qui
272 2982 333 3035 secti
345 2984 411 3034 lerro
423 2985 448 3032 in
461 2983 526 3033 tolrul
535 2998 562 3043 s,
577 2996 686 3044 nauoque
696 2984 825 3044 micantes,

210 3048 321 3110 inscripsi
334 3046 433 3098 rutilum
445 3046 529 3095 cai-laio
541 3044 641 3094 consule
661 3057 759 3103 oonrco,

211 3110 261 3177 Per
277 3121 394 3173 proceres
406 3115 432 3167 cl
444 3107 531 3169 uulgus
544 3115 610 3159 errat.

1000 1964 1087 2031 iendis
1099 1965 1216 2020 Jarruarii
1231 2009 1238 2033 ,
1255 1964 1352 2035 quihus
1372 1965 1554 2036 magistratum
1570 1966 1696 2034 inibant,
1716 1981 1810 2027 testes

1000 2046 1064 2091 sum
1079 2037 1231 2108 panegyrici
1245 2038 1401 2094 corisularas
1414 2046 1527 2106 utraque
1537 2038 1626 2106 liugos
1637 2046 1695 2094 turn
1708 2056 1804 2112 versa,

1002 2116 1057 2163 tum
1087 2108 1174 2162 solota
1199 2108 1320 2163 oratioue
1349 2107 1412 2162 dicti
1437 2123 1451 2162 a
1476 2107 1646 2175 Mamertino,
1671 2109 1806 2182 Libanio,

1001 2177 1151 2233 Themistio
1167 2219 1173 2241 ,
1188 2178 1356 2246 Claudiano,
1371 2179 1492 2234 Sidonio.
1509 2179 1578 2235 lllxit
1591 2188 1618 2235 et
1630 2181 1808 2252 Augustinus

1001 2249 1028 2304 in
1042 2249 1184 2305 eoostrlstu
1201 2250 1348 2318 llautonis,
1372 2258 1402 2304 ul
1414 2258 1508 2305 narrat
1521 2253 1578 2319 lpse
1591 2249 1641 2308 lli.
1656 2267 1687 2308 ru
1701 2266 1803 2310 eontra

1000 2317 1159 2379 Petiliaoum
1171 2361 1179 2386 ‚
1192 2321 1228 2377 25
1243 2338 1251 2376 :
1266 2320 1331 2377 lium
1352 2338 1398 2390 epo
1415 2320 1590 2377 Mediolanum
1613 2335 1674 2381 suls
1694 2324 1804 2385 Baelo·

1000 2407 1058 2445 uem
1068 2392 1199 2446 consulem
1209 2393 1328 2465 tenerior,
1345 2393 1419 2463 rique
1429 2391 1682 2451 calendisirnoerir's
1693 2397 1802 2453 trasna

999 2461 1026 2515 irt
1040 2472 1163 2516 contentu
1178 2471 1362 2532 corrapcctuque
1376 2464 1518 2529 horuirumr,
1531 2480 1577 2534 pro
1590 2480 1646 2519 meo
1658 2475 1723 2521 tuuc
1739 2470 1802 2523 rhe-

1000 2535 1083 2587 torico
1096 2534 1254 2602 proiectione
1268 2536 1434 2588 rccilnocriur.

1037 2614 1049 2643 ι
1069 2603 1106 2659 Ει
1117 2614 1158 2661 est
1169 2605 1274 2663 oosclla
1294 2605 1482 2674 Valentiniani,
1494 2609 1527 2663 ale
1539 2608 1718 2665 bononorum
1730 2626 1801 2681 prar-

1000 2675 1145 2745 scriptione
1156 2676 1282 2733 ouruihus
1293 2679 1379 2733 causis
1392 2680 1561 2747 «apponenda,
1576 2694 1636 2761 quae
1645 2682 1798 2752 ascriptam

1001 2743 1079 2800 hahet
1100 2745 1179 2814 liujus
1199 2747 1260 2800 :arani
1283 2756 1384 2801 troiam.
1410 2749 1437 2802 lu
1454 2765 1504 2818 rpua
1521 2751 1641 2821 praeiisse
1663 2751 1716 2806 sihi
1733 2753 1801 2809 dicit

999 2813 1085 2885 legem
1101 2815 1247 2872 Theodosii
1265 2818 1348 2886 patris
1362 2818 1402 2873 soi
1416 2861 1423 2883 ,
1444 2818 1495 2876 hoc
1508 2829 1564 2886 est,
1577 2828 1606 2873 ιιι
1618 2818 1800 2882 doctissimus

998 2884 1123 2956 cujacius
1133 2888 1354 2943 Observationum
1373 2890 1419 2946 tib.
1437 2890 1799 2966 xrri1.cap.su‚uoerpre-

999 2965 1081 3024 tatur,
1104 2957 1248 3015 Theodosii
1273 2960 1403 3028 seuituis;
1426 2972 1456 3018 ut
1479 2963 1638 3033 egoseuiio,
1663 2964 1796 3033 junioris.

997 3024 1064 3085 Nam
1080 3029 1150 3099 quod
1165 3029 1327 3086 existimarit
1350 3028 1496 3103 Cujacius,
1513 3043 1616 3103 putrem
1638 3049 1654 3089 ιι
1672 3034 1796 3092 Valenti·

998 3098 1078 3153 niano
1101 3099 1152 3155 dici
1169 3100 1348 3156 Theodosium
1366 3104 1497 3158 minorem
1512 3119 1563 3159 noo
1579 3117 1668 3175 porse,
1699 3106 1726 3160 id
1746 3106 1796 3162 iri·

997 3170 1088 3224 volum
1104 3180 1179 3226 carle
1193 3182 1236 3227 est
1251 3190 1258 3223 ι
1273 3187 1333 3226 cour
1348 3175 1473 3229 crundem
1494 3176 1581 3245 ipsum
1603 3174 1662 3230 siue
1680 3190 1794 3233 coutro-

150 3238 190 3295 hd
204 3253 331 3308 proceres
345 3238 469 3291 nimirum
486 3246 513 3317 et
527 3236 628 3291 auriens
640 3237 824 3303 mittebantur,
840 3240 866 3294 in
884 3241 944 3294 vul·
957 3271 980 3334 C
996 3241 1083 3299 versia
1098 3253 1201 3313 patrem
1214 3245 1294 3301 ctisru
1307 3256 1400 3313 roret,
1418 3254 1473 3305 lum
1490 3246 1595 3305 nordio
1619 3246 1666 3313 ¹2,
1679 3245 1720 3303 ile
1734 3253 1793 3317 epi·

149 3325 199 3371 uus
219 3309 424 3379 spargebantur.
442 3306 476 3362 lu
491 3308 549 3362 lasti
572 3316 661 3363 arrium
682 3324 742 3362 cum
760 3311 878 3376 sportula
893 3313 943 3366 hoc
996 3310 1199 3381 scopolijudicio
1211 3331 1221 3369 .·
1232 3325 1285 3368 uuo
1301 3315 1405 3370 altera:
1422 3314 1568 3377 Dercddr'to
1582 3321 1791 3385 'cremnorum

149 3382 226 3447 1000,
248 3382 287 3435 550
306 3380 350 3433 pp,
368 3379 449 3433 icoo,
462 3379 597 3435 Thourios.
621 3378 656 3437 de
668 3381 794 3449 erqreusis
806 3380 942 3449 ludorum,
996 3398 1054 3449 qum
1069 3398 1208 3452 perperam
1225 3399 1274 3439 mc
1286 3387 1342 3440 sola
1358 3387 1428 3441 edita
1440 3396 1479 3441 est
1491 3387 1560 3441 iuter
1569 3335 1791 3450 Theudosianas:

148 3452 275 3523 diptycha
289 3465 349 3504 curo
363 3449 490 3517 sportulis
506 3450 704 3522 conjunguntur
720 3468 726 3503 :
744 3452 860 3521 lienique
871 3453 941 3523 apud
995 3466 1116 3507 socerum
1132 3455 1259 3511 videlicet
1273 3468 1464 3527 auctoremque
1478 3459 1583 3530 imperii
1594 3464 1652 3525 sui;
1668 3470 1699 3515 ut
1712 3462 1791 3516 sicis-

149 3519 343 3593 Symmachum
355 3518 465 3573 eburnei
476 3520 620 3587 pupillares
633 3535 674 3574 aru
692 3520 847 3592 diptychum
863 3524 942 3578 elrur·
995 3523 1044 3577 situ
1059 3523 1228 3585 Theodosius
1244 3528 1312 3583 idom
1330 3528 1544 3587 Valentinianum
1566 3528 1651 3589 lilium
1671 3533 1791 3602 appellat

149 3591 482 3659 neumcurtrapophorctis
495 3591 533 3646 rel
546 3592 851 3663 cariistollisargcoieis‚
865 3595 943 3650 idest
994 3594 1099 3649 rttrrclla
1114 3595 1125 3649 l
1144 3607 1171 3651 et
1191 3604 1218 3651 ι’.
1240 3594 1355 3653 htusum
1372 3598 1509 3654 domiuum
1530 3600 1649 3670 appellat
1661 3601 1789 3658 Theodo-

149 3662 287 3733 sportulis,
305 3663 350 3717 lib.
367 3677 402 3727 ιι,
418 3664 496 3731 cpisl.
510 3663 561 3728 lsi,
577 3671 602 3716 -ι
622 3665 667 3718 lili.
682 3679 724 3728 ιι,
741 3665 821 3730 epist.
839 3664 900 3731 too,
915 3677 943 3723 et
994 3664 1073 3732 sitim,
1089 3681 1141 3721 uon
1157 3667 1258 3734 divum,
1271 3671 1496 3737 qrrsuradmodum
1511 3670 1604 3726 diruut
1618 3670 1787 3741 lionoritrm,

149 3734 210 3807 aliis
238 3732 315 3787 locis.
332 3732 429 3815 ‘erare
457 3732 560 3815 eodem·
582 3747 704 3817 spectare
764 3735 791 3807 [4
819 3738 942 3794 eredide-
993 3736 1056 3799 amia
1075 3736 1241 3796 Theodosius
1258 3740 1378 3811 juniore
1399 3744 1466 3797 siris
1483 3741 1602 3807 noudum
1622 3756 1790 3813 excesserat.

150 3802 202 3859 rim
218 3822 223 3857 :
239 3811 318 3871 atque
332 3818 358 3856 rn
373 3803 508 3873 diptychis
525 3805 576 3858 alhs
592 3806 722 3875 trisculpta
746 3806 817 3862 trisse
833 3814 940 3865 oontina
997 3778 1031 3859 dt
1047 3809 1151 3863 ritrvella
1169 3811 1220 3872 lc,
1239 3814 1281 3864 ubi
1302 3812 1339 3865 ait
1353 3823 1505 3881 coemptam
1516 3813 1560 3867 illa
1571 3811 1719 3881 Theodosii
1731 3815 1790 3883 lego

147 3875 704 3954 consulumaliorumvetrraaistmtoumqui
715 3879 850 3934 solemnes
864 3896 942 3950 spor·
993 3886 1099 3934 attalem
1117 3880 1285 3949 pupillarem,
1302 3882 1370 3937 diros
1395 3883 1531 3939 uicrnoriae
1547 3883 1731 3941 Theodosium
1747 3888 1789 3940 iu-

147 3947 219 4003 tulss
238 3946 347 4002 dabant.
367 3945 432 4001 ham
456 3946 612 4016 diptychum
634 3948 713 4017 utrius
733 3950 840 4017 [terreris
861 3956 940 4007 clrru·
992 3950 1098 4019 iliacam
1124 3951 1223 4023 quippe
1245 3952 1354 4008 monnio
1368 3956 1419 4020 jaro
1433 3964 1496 4010 ante
1514 3952 1683 4010 defunctum.
1702 3957 1791 4012 Porro

146 4033 226 4075 neum
237 4016 442 4097 insigne'ridere
456 4029 497 4071 co
513 4019 539 4073 iu
548 4020 712 4077 morrastcrio
721 4021 937 4090 cotaapmolcosi,
993 4020 1034 4075 les
1046 4020 1240 4081 illa'lhcodosii
1257 4025 1366 4079 roiooris
1378 4025 1403 4080 io
1416 4034 1530 4096 iitroque
1544 4026 1636 4080 cortice
1649 4025 1790 4099 descripta

145 4103 206 4143 cum
228 4091 419 4154 inscriptione,
442 4102 501 4155 qum
513 4091 617 4143 setrntui
633 4090 752 4145 oblatum
773 4091 852 4146 iloeot
875 4095 938 4147 oliui
992 4100 1051 4144 esl:
1068 4091 1088 4148 l.
1105 4094 1200 4157 unico,
1220 4094 1278 4148 rod.
1299 4093 1396 4148 Theoti.
1412 4096 1444 4148 de
1462 4096 1602 4149 actionibus
1616 4106 1687 4151 certo
1707 4107 1789 4171 lerup.

144 4159 228 4214 inisse
249 4175 262 4211 a
282 4159 429 4211 l‘lriloxeno
450 4160 561 4212 console
583 4159 706 4213 orientali
728 4176 799 4215 anuo
814 4163 877 4217 520.
893 4165 939 4219 Sic
991 4163 1036 4225 lin.
1049 4171 1075 4214 et
1087 4162 1104 4214 l.
1118 4164 1145 4229 3,
1163 4166 1219 4217 cod.
1233 4165 1264 4217 tie
1279 4167 1422 4235 prescript.
1437 4167 1472 4220 bd
1496 4181 1633 4223 erratorum.
1649 4168 1677 4223 ln
1693 4185 1748 4238 qua
1763 4182 1788 4225 ct

144 4232 216 4284 ctritu
230 4245 259 4283 sc
273 4227 426 4282 lrabctzi‘t.
447 4227 608 4285 Trrconouus
627 4228 778 4287 Ftsoxcuus
797 4247 939 4297 sorcorcus
991 4231 1084 4287 eadem
1108 4243 1150 4288 est
1174 4235 1312 4302 pupillaris
1337 4238 1425 4291 etatis
1449 4236 1584 4306 exceptio,
1607 4247 1635 4293 et
1659 4241 1788 4297 omuibus

143 4298 294 4355 macretas
312 4314 354 4353 uu
378 4311 482 4354 ιιιιιιι.
500 4297 568 4353 Cos.
593 4314 704 4357 ιιιιιιιιτ.
720 4317 886 4358 erusorsroo
909 4321 936 4358 ιι.
990 4315 1100 4369 prorsus
1115 4306 1265 4361 actionibus
1280 4308 1404 4375 opposito
1419 4305 1595 4378 praescrrptio.
1616 4306 1730 4379 Sintula
1746 4312 1790 4367 de·

144 4383 194 4425 rso
212 4370 330 4424 Tuuacrr
348 4383 381 4421 ιι
401 4382 500 4425 corson
518 4383 643 4425 caraman.
992 4374 1070 4440 nique
1088 4388 1148 4428 cum
1165 4374 1344 4430 Valentiniani
1371 4378 1475 4433 novella
1500 4379 1697 4434 consentium:
1725 4381 1789 4437 iicet

989 4455 1039 4497 tos
1055 4448 1140 4499 omorio
1151 4445 1327 4514 desideretur,
1338 4463 1407 4518 quae,
1427 4452 1452 4504 ni
1466 4447 1581 4513 lallor‚si
1595 4450 1713 4507 norellsr
1727 4463 1787 4507 rso·

990 4521 1045 4571 lum
1058 4515 1138 4571 rerba
1152 4527 1317 4586 spectentur,
1330 4519 1491 4587 requirenda
1506 4534 1557 4573 ooo
1573 4528 1633 4575 est:
1651 4528 1678 4576 et
1694 4530 1788 4580 umen

988 4583 1016 4639 in
1031 4584 1216 4642 Theodosiana
1232 4588 1291 4658 lege
1302 4589 1403 4657 integra
1417 4604 1477 4645 esse
1489 4592 1583 4658 pourit.
1595 4591 1675 4659 cujus
1688 4597 1790 4664 exigua

945 4654 1028 4715 Besl
1043 4657 1130 4725 portio
1144 4674 1203 4721 ortu
1219 4670 1311 4715 restat.
1327 4659 1472 4716 Theodosii
1488 4676 1551 4715 verta
1564 4664 1653 4730 rosgrd
1663 4662 1701 4719 de
1717 4681 1790 4734 proc·

986 4727 1132 4794 scriptione
1151 4727 1185 4784 50
1210 4743 1340 4787 sonorum
1366 4731 1421 4802 00
1446 4731 1567 4787 leruolla
1592 4744 1787 4802 memoratum

985 4803 1013 4851 el
1026 4797 1125 4854 nullam
1143 4800 1223 4856 luisse
1240 4802 1305 4857 satis
1320 4803 1414 4868 prohat
1434 4802 1489 4870 ipsa
1503 4802 1651 4859 Theodosii
1666 4804 1788 4875 ionicus

370 4920 376 4931 ‚
787 4930 794 4941 ,
825 4931 830 4941 Ι
984 4869 1649 4941 emutilatio,ioquasepriuruurlquodcurtiriri
1665 4891 1783 4932 acumen

138 4921 194 4993 85
205 4918 246 4975 Ει
272 4919 422 5002 bocetum
442 4937 542 4991 genere
562 4924 657 5007 calcarit
684 4930 806 5011 pharmaci,
824 4946 850 4987 tn
872 4940 931 5013 qil·
984 4934 1084 5007 legisse
1106 4941 1202 4995 mirum
1224 4945 1277 5012 cst)
1300 4942 1378 5012 hujus
1407 4944 1617 5012 prescriptionis
1640 4959 1786 5003 auctorem

138 4991 188 5045 hau
208 5001 359 5061 conscripta
384 4994 574 5061 proconsulum
600 4994 700 5065 dictem
714 5013 822 5056 rroouna
846 4999 930 5059 luisse
984 5011 1229 5079 apertesiqnilical.

138 5058 367 5143 tloeptTrosper,
383 5069 429 5117 aul
443 5064 563 5146 qrrisquis
574 5077 679 5148 ‘auctor
695 5079 738 5129 est
752 5070 880 5127 librorum
896 5075 930 5130 de
1018 5077 1033 5119 ἀ
1054 5079 1234 5152 Promulgsta.
1264 5083 1410 5139 Mantertus
1435 5082 1600 5141 Clarrdianus
1627 5084 1748 5143 Sidonio
1776 5109 1783 5142 ε

139 5130 364 5215 Ριιιιιιιειιυιιιῑιιιι
375 5144 401 5188 et
413 5134 687 5209 l‘tmdrctronrhuslllei
702 5158 707 5192 :
722 5144 798 5209 cujus
814 5145 839 5197 in
852 5159 927 5213 pero·
983 5149 1143 5217 opusculum
1158 5154 1222 5208 iilud
1236 5155 1290 5209 siue
1304 5169 1408 5209 auctora
1427 5156 1574 5221 prodirem,
1589 5164 1614 5210 er
1635 5173 1782 5229 usquequa.

140 5212 244 5283 rauope
259 5216 348 5284 operis
370 5206 427 5259 lraec
437 5215 500 5260 sruu
513 5208 593 5263 rerba
608 5208 670 5277 :plo
686 5214 805 5283 calculis,
821 5212 926 5285 iuquit,
980 5236 1030 5290 que
1043 5225 1254 5291 proquirilotuur.
1271 5225 1328 5279 i'os
1340 5224 1420 5281 duma
1434 5241 1449 5280 a
1465 5227 1625 5293 Quiritibus.

137 5273 253 5325 colonus
267 5288 370 5327 norrtrno
386 5278 566 5344 proconsulum
580 5283 723 5348 corrscu'pto
737 5282 929 5354 Corrlroqirreirs
1017 5301 1030 5331 θ
1049 5293 1107 5348 Νοιι
1121 5297 1191 5349 cuim
1204 5295 1283 5349 simul
1296 5298 1365 5349 harre
1382 5297 1467 5365 legem
1479 5298 1600 5352 tolerunt
1609 5295 1784 5354 Theodosias

136 5344 289 5425 {raromrmn
305 5345 399 5414 populo
414 5363 429 5399 o
443 5351 657 5432 prcrcrttijudice
672 5356 802 5408 sitiretis
816 5356 925 5410 cocolu-
979 5368 1007 5415 el
1020 5362 1233 5420 Taieoliuiauus.
1250 5365 1421 5422 Theodosios
1441 5368 1677 5437 llorrstsntioopoli
1701 5371 1781 5438 tulit,

135 5419 167 5467 lu
181 5414 341 5498 citabuntur:
355 5425 441 5471 eterol
456 5419 576 5475 solemma
586 5420 640 5477 dier
654 5424 705 5476 oliti
720 5425 818 5478 citatio.
836 5424 872 5479 stt
882 5429 927 5495 qui
979 5446 1040 5487 cum
1056 5435 1236 5502 interregnum
1256 5446 1328 5489 essct
1340 5441 1367 5491 ln
1384 5437 1529 5493 Occidente
1548 5439 1584 5494 ob
1602 5438 1721 5497 ioannis
1741 5451 1779 5516 ty·

135 5496 266 5566 ornuoum
291 5496 439 5568 superantes
462 5505 541 5570 rcum.
566 5492 674 5558 fideliter
702 5511 803 5564 eperum
828 5497 923 5567 absque
979 5504 1140 5566 rarrnidcm.
1157 5505 1262 5561 Victore
1276 5510 1388 5563 consule
1402 5548 1409 5570 ‚
1423 5524 1438 5562 a
1452 5509 1720 5579 quinimmo,
1737 5528 1779 5569 cu·

134 5558 239 5639 leqruu
252 5554 476 5628 preruortbrtsque,
493 5571 571 5615 etrum
591 5566 703 5621 alicnus
721 5567 921 5625 hortoruborrtur.
975 5575 1020 5643 jus
1029 5590 1100 5630 appo
1113 5577 1153 5631 lex
1165 5577 1274 5631 domest
1284 5576 1370 5632 Gall-s
1381 5579 1601 5646 aialcrulpisnp,
1613 5585 1679 5637 appi
1691 5580 1771 5641 fluo

137 5625 188 5705 hirs
198 5641 256 5681 cero
268 5644 332 5698 quos
342 5646 371 5681 ro
391 5630 470 5685 oritur
481 5630 575 5715 cheros
586 5673 594 5715 ,
610 5638 850 5718 populur'cousiciis
861 5641 923 5694 sili-
975 5657 1035 5700 ram
1046 5646 1091 5702 25.
1110 5646 1167 5700 Non
1180 5660 1245 5717 erqo
1259 5650 1357 5702 l'rustra
1369 5661 1411 5704 est
1422 5652 1494 5714 otrod
1511 5656 1568 5722 alt,
1584 5655 1655 5709 intra
1671 5651 1781 5717 Galiba

135 5695 216 5764 luqru
229 5702 344 5753 arctabat.
384 5714 414 5754 os
428 5703 629 5769 memorabilis,
644 5717 670 5763 et
684 5722 729 5776 otu
746 5708 833 5766 latente
849 5712 922 5767 tide·
974 5727 1037 5772 aute
1051 5719 1196 5773 oemitam.

135 5764 223 5822 sured
233 5766 320 5835 lenem
337 5771 389 5827 lor
400 5768 467 5831 cm.
483 5772 518 5835 de
531 5773 621 5833 elicio
637 5776 747 5833 recurris
762 5783 918 5849 provincias.
1010 5786 1020 5828 ί
1042 5788 1070 5843 ln
1084 5787 1217 5858 aliquibus
1229 5788 1308 5856 edil..
1324 5804 1412 5849 rm

211 4530 291 4610 Tauri
303 4528 332 4583 τὸ
347 4526 426 4601 δῶρον
440 4537 471 4603 τῇ
486 4537 551 4601 σοφῇ
564 4532 687 4604 γερουσίᾳ

143 4640 149 4649 ,
225 4607 323 4658 inurar
337 4601 468 4673 ὑπάρχων
478 4604 616 4675 προσφέρω
630 4603 762 4666 Φιλόξενος.

211 4733 290 4785 hot-lo
297 4741 403 4797 satoque
414 4749 503 4787 munus
514 4737 560 4788 tue
570 4744 670 4796 senatus

211 4794 299 4849 Consul
310 4803 408 4847 creatus
418 4797 495 4848 ollcro
507 4799 661 4851 Philoxenus
