<?xml version="1.0" encoding="UTF-8"?>
<!DOCTYPE html PUBLIC "-//W3C//DTD XHTML 1.0 Transitional//EN"
    "http://www.w3.org/TR/xhtml1/DTD/xhtml1-transitional.dtd">
<html xmlns="http://www.w3.org/1999/xhtml" xml:lang="en" lang="en">
 <head>
  <title>
</title>
<meta http-equiv="Content-Type" content="text/html;charset=utf-8" />
  <meta name='ocr-system' content='tesseract 3.04.00' />
  <meta name='ocr-capabilities' content='ocr_page ocr_carea ocr_par ocr_line ocrx_word'/>
</head>
<body>
  <div class='ocr_page' id='page_1' title='image "./patrologiaecurs99unkngoog_0261.png"; bbox 0 0 3810 6254; ppageno 0'>
   <div class='ocr_carea' id='block_1_1' title="bbox 147 243 1770 349">
    <p class='ocr_par' dir='ltr' id='par_1_1' title="bbox 147 243 1770 349">
     <span class='ocr_line' id='line_1_1' title="bbox 147 243 1770 349; baseline -0.014 -24"><span class='ocrx_word' id='word_1_1' title='bbox 147 268 197 325; x_wconf 82' lang='lat' dir='ltr'>aar</span> <span class='ocrx_word' id='word_1_2' title='bbox 775 256 898 349; x_wconf 70' lang='lat' dir='ltr'>stupuit</span> <span class='ocrx_word' id='word_1_3' title='bbox 917 254 1142 331; x_wconf 76' lang='lat' dir='ltr'>arutntnnms</span> <span class='ocrx_word' id='word_1_4' title='bbox 1223 262 1225 266; x_wconf 61' lang='grc'>’</span> <span class='ocrx_word' id='word_1_5' title='bbox 1715 243 1770 303; x_wconf 72' lang='lat' dir='ltr'>aaa</span> 
     </span>
    </p>
   </div>
   <div class='ocr_carea' id='block_1_2' title="bbox 140 364 1786 2920">
    <p class='ocr_par' dir='ltr' id='par_1_2' title="bbox 140 364 1786 2920">
     <span class='ocr_line' id='line_1_2' title="bbox 147 364 1770 453; baseline -0.01 -15"><span class='ocrx_word' id='word_1_6' title='bbox 147 394 208 438; x_wconf 84' lang='lat' dir='ltr'>cum</span> <span class='ocrx_word' id='word_1_7' title='bbox 223 388 307 437; x_wconf 92' lang='lat' dir='ltr'>totum</span> <span class='ocrx_word' id='word_1_8' title='bbox 321 379 405 449; x_wconf 89' lang='lat' dir='ltr'>possit</span> <span class='ocrx_word' id='word_1_9' title='bbox 421 377 543 444; x_wconf 75' lang='lat' dir='ltr'>erigere,</span> <span class='ocrx_word' id='word_1_10' title='bbox 563 375 585 430; x_wconf 90' lang='lat' dir='ltr'>si</span> <span class='ocrx_word' id='word_1_11' title='bbox 606 388 708 453; x_wconf 83' lang='lat' dir='ltr'>moram</span> <span class='ocrx_word' id='word_1_12' title='bbox 734 368 835 441; x_wconf 85' lang='lat' dir='ltr'>patitur</span> <span class='ocrx_word' id='word_1_13' title='bbox 858 369 931 443; x_wconf 86' lang='lat' dir='ltr'>quid·</span> <span class='ocrx_word' id='word_1_14' title='bbox 944 371 969 432; x_wconf 78' lang='lat' dir='ltr'>A</span> <span class='ocrx_word' id='word_1_15' title='bbox 983 387 1061 441; x_wconf 80' lang='lat' dir='ltr'>quam</span> <span class='ocrx_word' id='word_1_16' title='bbox 1072 372 1159 442; x_wconf 89' lang='lat' dir='ltr'>palam</span> <span class='ocrx_word' id='word_1_17' title='bbox 1174 381 1288 441; x_wconf 87' lang='lat' dir='ltr'>promto,</span> <span class='ocrx_word' id='word_1_18' title='bbox 1300 370 1466 440; x_wconf 68' lang='lat' dir='ltr'>strepituque</span> <span class='ocrx_word' id='word_1_19' title='bbox 1485 367 1612 437; x_wconf 85' lang='lat' dir='ltr'>despectu</span> <span class='ocrx_word' id='word_1_20' title='bbox 1626 364 1715 431; x_wconf 81' lang='lat' dir='ltr'>turbe</span> <span class='ocrx_word' id='word_1_21' title='bbox 1727 366 1770 422; x_wconf 83' lang='lat' dir='ltr'>lu-</span> 
     </span>
     <span class='ocr_line' id='line_1_3' title="bbox 140 447 1771 544; baseline -0.007 -16"><span class='ocrx_word' id='word_1_22' title='bbox 140 473 211 544; x_wconf 66' lang='lat' dir='ltr'>suld</span> <span class='ocrx_word' id='word_1_23' title='bbox 226 464 336 543; x_wconf 84' lang='lat' dir='ltr'>pmptei</span> <span class='ocrx_word' id='word_1_24' title='bbox 357 455 568 524; x_wconf 77' lang='lat' dir='ltr'>misericordiam</span> <span class='ocrx_word' id='word_1_25' title='bbox 590 472 760 521; x_wconf 77' lang='lat' dir='ltr'>concesserat</span> <span class='ocrx_word' id='word_1_26' title='bbox 778 463 840 535; x_wconf 87' lang='lat' dir='ltr'>pie,</span> <span class='ocrx_word' id='word_1_27' title='bbox 860 447 957 532; x_wconf 60' lang='lat' dir='ltr'>iuste‘</span> <span class='ocrx_word' id='word_1_28' title='bbox 982 465 1076 530; x_wconf 83' lang='lat' dir='ltr'>nentis,</span> <span class='ocrx_word' id='word_1_29' title='bbox 1100 464 1177 533; x_wconf 77' lang='lat' dir='ltr'>iactis</span> <span class='ocrx_word' id='word_1_30' title='bbox 1195 473 1304 533; x_wconf 90' lang='lat' dir='ltr'>repente</span> <span class='ocrx_word' id='word_1_31' title='bbox 1328 463 1450 519; x_wconf 88' lang='lat' dir='ltr'>manibus</span> <span class='ocrx_word' id='word_1_32' title='bbox 1472 469 1627 530; x_wconf 86' lang='lat' dir='ltr'>arreptum,</span> <span class='ocrx_word' id='word_1_33' title='bbox 1649 459 1771 530; x_wconf 78' lang='lat' dir='ltr'>nihilque</span> 
     </span>
     <span class='ocr_line' id='line_1_4' title="bbox 140 553 1770 640; baseline -0.01 -18"><span class='ocrx_word' id='word_1_34' title='bbox 140 562 265 640; x_wconf 59' lang='lat' dir='ltr'>reposcit</span> <span class='ocrx_word' id='word_1_35' title='bbox 278 554 388 636; x_wconf 69' lang='lat' dir='ltr'>propter</span> <span class='ocrx_word' id='word_1_36' title='bbox 401 558 536 629; x_wconf 79' lang='lat' dir='ltr'>injuriam.</span> <span class='ocrx_word' id='word_1_37' title='bbox 554 557 629 612; x_wconf 80' lang='lat' dir='ltr'>Vale.</span> <span class='ocrx_word' id='word_1_38' title='bbox 984 562 1041 635; x_wconf 86' lang='lat' dir='ltr'>tum</span> <span class='ocrx_word' id='word_1_39' title='bbox 1056 555 1144 611; x_wconf 90' lang='lat' dir='ltr'>minus</span> <span class='ocrx_word' id='word_1_40' title='bbox 1158 569 1236 627; x_wconf 84' lang='lat' dir='ltr'>quarn</span> <span class='ocrx_word' id='word_1_41' title='bbox 1248 569 1307 626; x_wconf 81' lang='lat' dir='ltr'>quaa</span> <span class='ocrx_word' id='word_1_42' title='bbox 1318 556 1464 626; x_wconf 71' lang='lat' dir='ltr'>agebantur</span> <span class='ocrx_word' id='word_1_43' title='bbox 1475 560 1612 623; x_wconf 90' lang='lat' dir='ltr'>optantem</span> <span class='ocrx_word' id='word_1_44' title='bbox 1626 553 1770 620; x_wconf 90' lang='lat' dir='ltr'>suspican-</span> 
     </span>
     <span class='ocr_line' id='line_1_5' title="bbox 405 645 1773 718; baseline -0.006 -13"><span class='ocrx_word' id='word_1_45' title='bbox 405 649 571 705; x_wconf 79' lang='lat' dir='ltr'>urtstota</span> <span class='ocrx_word' id='word_1_46' title='bbox 588 647 672 704; x_wconf 79' lang='lat' dir='ltr'>XXV.</span> <span class='ocrx_word' id='word_1_47' title='bbox 982 653 1104 718; x_wconf 68' lang='lat' dir='ltr'>&#39;temnite</span> <span class='ocrx_word' id='word_1_48' title='bbox 1117 657 1239 702; x_wconf 88' lang='lat' dir='ltr'>sanctum</span> <span class='ocrx_word' id='word_1_49' title='bbox 1254 647 1402 715; x_wconf 78' lang='lat' dir='ltr'>ioannem,</span> <span class='ocrx_word' id='word_1_50' title='bbox 1418 647 1504 701; x_wconf 83' lang='lat' dir='ltr'>uirum</span> <span class='ocrx_word' id='word_1_51' title='bbox 1521 645 1678 711; x_wconf 81' lang='lat' dir='ltr'>honestate,</span> <span class='ocrx_word' id='word_1_52' title='bbox 1697 658 1773 698; x_wconf 89' lang='lat' dir='ltr'>tuan·</span> 
     </span>
     <span class='ocr_line' id='line_1_6' title="bbox 312 734 1773 808; baseline -0.007 -9"><span class='ocrx_word' id='word_1_53' title='bbox 312 743 456 800; x_wconf 78' lang='lat' dir='ltr'>Sidonius·</span> <span class='ocrx_word' id='word_1_54' title='bbox 467 739 595 795; x_wconf 79' lang='lat' dir='ltr'>Denrnnto</span> <span class='ocrx_word' id='word_1_55' title='bbox 609 755 655 794; x_wconf 85' lang='lat' dir='ltr'>sato</span> <span class='ocrx_word' id='word_1_56' title='bbox 665 737 784 795; x_wconf 65' lang='lat' dir='ltr'>austera.</span> <span class='ocrx_word' id='word_1_57' title='bbox 983 737 1124 794; x_wconf 92' lang='lat' dir='ltr'>suetudine</span> <span class='ocrx_word' id='word_1_58' title='bbox 1138 737 1268 808; x_wconf 74' lang='lat' dir='ltr'>insignem</span> <span class='ocrx_word' id='word_1_59' title='bbox 1278 737 1380 806; x_wconf 51' lang='lat' dir='ltr'>¹(lector</span> <span class='ocrx_word' id='word_1_60' title='bbox 1395 736 1439 792; x_wconf 93' lang='lat' dir='ltr'>hic</span> <span class='ocrx_word' id='word_1_61' title='bbox 1452 737 1565 806; x_wconf 90' lang='lat' dir='ltr'>primurn</span> <span class='ocrx_word' id='word_1_62' title='bbox 1577 778 1584 802; x_wconf 88' lang='lat'>‚</span> <span class='ocrx_word' id='word_1_63' title='bbox 1598 735 1637 790; x_wconf 90' lang='lat' dir='ltr'>sic</span> <span class='ocrx_word' id='word_1_64' title='bbox 1648 734 1773 790; x_wconf 79' lang='lat' dir='ltr'>minister</span> 
     </span>
     <span class='ocr_line' id='line_1_7' title="bbox 183 818 1774 906; baseline -0.008 -16"><span class='ocrx_word' id='word_1_65' title='bbox 183 836 291 906; x_wconf 71' lang='lat' dir='ltr'>hequen</span> <span class='ocrx_word' id='word_1_66' title='bbox 302 831 419 903; x_wconf 67' lang='lat' dir='ltr'>differre,</span> <span class='ocrx_word' id='word_1_67' title='bbox 437 833 499 902; x_wconf 83' lang='lat' dir='ltr'>quin</span> <span class='ocrx_word' id='word_1_68' title='bbox 513 830 620 902; x_wconf 89' lang='lat' dir='ltr'>grandis</span> <span class='ocrx_word' id='word_1_69' title='bbox 634 829 822 886; x_wconf 86' lang='lat' dir='ltr'>communione</span> <span class='ocrx_word' id='word_1_70' title='bbox 834 833 934 897; x_wconf 86' lang='lat' dir='ltr'>tsgau·</span> <span class='ocrx_word' id='word_1_71' title='bbox 983 825 1087 894; x_wconf 90' lang='lat' dir='ltr'>altaris,</span> <span class='ocrx_word' id='word_1_72' title='bbox 1100 826 1180 896; x_wconf 84' lang='lat' dir='ltr'>idque</span> <span class='ocrx_word' id='word_1_73' title='bbox 1194 825 1228 881; x_wconf 87' lang='lat' dir='ltr'>ab</span> <span class='ocrx_word' id='word_1_74' title='bbox 1240 825 1368 891; x_wconf 78' lang='lat' dir='ltr'>infantia3</span> <span class='ocrx_word' id='word_1_75' title='bbox 1390 835 1450 896; x_wconf 90' lang='lat' dir='ltr'>post</span> <span class='ocrx_word' id='word_1_76' title='bbox 1469 818 1589 880; x_wconf 86' lang='lat' dir='ltr'>laborum</span> <span class='ocrx_word' id='word_1_77' title='bbox 1606 831 1774 892; x_wconf 88' lang='lat' dir='ltr'>temporum·</span> 
     </span>
     <span class='ocr_line' id='line_1_8' title="bbox 141 913 1775 997; baseline -0.012 -9"><span class='ocrx_word' id='word_1_78' title='bbox 141 930 186 988; x_wconf 76' lang='lat' dir='ltr'>dii</span> <span class='ocrx_word' id='word_1_79' title='bbox 201 927 313 986; x_wconf 90' lang='lat' dir='ltr'>iestinus</span> <span class='ocrx_word' id='word_1_80' title='bbox 324 925 478 997; x_wconf 87' lang='lat' dir='ltr'>impertiam</span> <span class='ocrx_word' id='word_1_81' title='bbox 495 943 500 978; x_wconf 96' lang='lat'><strong>:</strong></span> <span class='ocrx_word' id='word_1_82' title='bbox 516 923 644 979; x_wconf 89' lang='lat' dir='ltr'>nimirum</span> <span class='ocrx_word' id='word_1_83' title='bbox 661 934 744 978; x_wconf 87' lang='lat' dir='ltr'>nosse</span> <span class='ocrx_word' id='word_1_84' title='bbox 764 921 933 990; x_wconf 87' lang='lat' dir='ltr'>cupientem,</span> <span class='ocrx_word' id='word_1_85' title='bbox 984 931 1037 985; x_wconf 83' lang='lat' dir='ltr'>oue</span> <span class='ocrx_word' id='word_1_86' title='bbox 1050 931 1188 986; x_wconf 86' lang='lat' dir='ltr'>processu,</span> <span class='ocrx_word' id='word_1_87' title='bbox 1205 915 1423 981; x_wconf 80' lang='lat' dir='ltr'>archidiaconus3</span> <span class='ocrx_word' id='word_1_88' title='bbox 1439 919 1465 969; x_wconf 84' lang='lat' dir='ltr'>tn</span> <span class='ocrx_word' id='word_1_89' title='bbox 1480 929 1532 983; x_wconf 82' lang='lat' dir='ltr'>rpro</span> <span class='ocrx_word' id='word_1_90' title='bbox 1546 928 1593 970; x_wconf 86' lang='lat' dir='ltr'>ssu</span> <span class='ocrx_word' id='word_1_91' title='bbox 1605 913 1689 985; x_wconf 66' lang='lat' dir='ltr'>pado</span> <span class='ocrx_word' id='word_1_92' title='bbox 1702 953 1711 980; x_wconf 93' lang='lat'>,</span> <span class='ocrx_word' id='word_1_93' title='bbox 1725 928 1775 969; x_wconf 86' lang='lat' dir='ltr'>scu</span> 
     </span>
     <span class='ocr_line' id='line_1_9' title="bbox 142 1003 1775 1092; baseline -0.01 -16"><span class='ocrx_word' id='word_1_94' title='bbox 142 1019 213 1092; x_wconf 70' lang='lat' dir='ltr'>⁴q&#39;uid</span> <span class='ocrx_word' id='word_1_95' title='bbox 226 1027 301 1088; x_wconf 89' lang='lat' dir='ltr'>putor</span> <span class='ocrx_word' id='word_1_96' title='bbox 314 1025 406 1072; x_wconf 89' lang='lat' dir='ltr'>noster</span> <span class='ocrx_word' id='word_1_97' title='bbox 416 1015 443 1070; x_wconf 87' lang='lat' dir='ltr'>iu</span> <span class='ocrx_word' id='word_1_98' title='bbox 458 1013 574 1083; x_wconf 86' lang='lat' dir='ltr'>Christo,</span> <span class='ocrx_word' id='word_1_99' title='bbox 586 1012 685 1085; x_wconf 91' lang='lat' dir='ltr'>pariter</span> <span class='ocrx_word' id='word_1_100' title='bbox 700 1018 728 1068; x_wconf 92' lang='lat' dir='ltr'>et</span> <span class='ocrx_word' id='word_1_101' title='bbox 740 1011 860 1082; x_wconf 87' lang='lat' dir='ltr'>pontiiex</span> <span class='ocrx_word' id='word_1_102' title='bbox 878 1010 930 1066; x_wconf 85' lang='lat' dir='ltr'>Pa·</span> <span class='ocrx_word' id='word_1_103' title='bbox 985 1006 1133 1064; x_wconf 85' lang='lat' dir='ltr'>ministerio</span> <span class='ocrx_word' id='word_1_104' title='bbox 1146 1007 1258 1062; x_wconf 88' lang='lat' dir='ltr'>multum</span> <span class='ocrx_word' id='word_1_105' title='bbox 1272 1015 1393 1062; x_wconf 92' lang='lat' dir='ltr'>retentus</span> <span class='ocrx_word' id='word_1_106' title='bbox 1405 1014 1515 1075; x_wconf 90' lang='lat' dir='ltr'>propter</span> <span class='ocrx_word' id='word_1_107' title='bbox 1534 1003 1707 1071; x_wconf 79' lang='lat' dir='ltr'>industriam,</span> <span class='ocrx_word' id='word_1_108' title='bbox 1729 1005 1775 1060; x_wconf 91' lang='lat' dir='ltr'>diu</span> 
     </span>
     <span class='ocr_line' id='line_1_10' title="bbox 142 1094 1775 1176; baseline -0.012 -7"><span class='ocrx_word' id='word_1_109' title='bbox 142 1108 256 1176; x_wconf 60' lang='lat' dir='ltr'>‘usust</span> <span class='ocrx_word' id='word_1_110' title='bbox 272 1107 439 1166; x_wconf 86' lang='lat' dir='ltr'>cabillonum</span> <span class='ocrx_word' id='word_1_111' title='bbox 449 1105 594 1176; x_wconf 89' lang='lat' dir='ltr'>proiectus,</span> <span class='ocrx_word' id='word_1_112' title='bbox 609 1118 684 1161; x_wconf 83' lang='lat' dir='ltr'>urere</span> <span class='ocrx_word' id='word_1_113' title='bbox 698 1104 848 1175; x_wconf 86' lang='lat' dir='ltr'>religionis,</span> <span class='ocrx_word' id='word_1_114' title='bbox 860 1115 935 1159; x_wconf 85' lang='lat' dir='ltr'>more</span> <span class='ocrx_word' id='word_1_115' title='bbox 985 1099 1114 1172; x_wconf 85' lang='lat' dir='ltr'>dignitate</span> <span class='ocrx_word' id='word_1_116' title='bbox 1125 1114 1180 1155; x_wconf 86' lang='lat' dir='ltr'>nou</span> <span class='ocrx_word' id='word_1_117' title='bbox 1195 1101 1279 1169; x_wconf 89' lang='lat' dir='ltr'>potuit</span> <span class='ocrx_word' id='word_1_118' title='bbox 1294 1099 1396 1170; x_wconf 91' lang='lat' dir='ltr'>augeri,</span> <span class='ocrx_word' id='word_1_119' title='bbox 1410 1113 1443 1154; x_wconf 92' lang='lat' dir='ltr'>ne</span> <span class='ocrx_word' id='word_1_120' title='bbox 1464 1105 1597 1168; x_wconf 76' lang='lat' dir='ltr'>potestate</span> <span class='ocrx_word' id='word_1_121' title='bbox 1621 1103 1714 1166; x_wconf 88' lang='lat' dir='ltr'>posset</span> <span class='ocrx_word' id='word_1_122' title='bbox 1728 1094 1775 1150; x_wconf 89' lang='lat' dir='ltr'>ab·</span> 
     </span>
     <span class='ocr_line' id='line_1_11' title="bbox 144 1189 1774 1266; baseline -0.009 -8"><span class='ocrx_word' id='word_1_123' title='bbox 144 1200 307 1258; x_wconf 73' lang='lat' dir='ltr'>&#39;constantia</span> <span class='ocrx_word' id='word_1_124' title='bbox 329 1213 385 1255; x_wconf 78' lang='lat' dir='ltr'>sue</span> <span class='ocrx_word' id='word_1_125' title='bbox 402 1197 506 1253; x_wconf 88' lang='lat' dir='ltr'>iecerit.</span> <span class='ocrx_word' id='word_1_126' title='bbox 529 1196 596 1251; x_wconf 79' lang='lat' dir='ltr'>Cum</span> <span class='ocrx_word' id='word_1_127' title='bbox 618 1197 738 1252; x_wconf 85' lang='lat' dir='ltr'>venisset</span> <span class='ocrx_word' id='word_1_128' title='bbox 759 1195 786 1250; x_wconf 91' lang='lat' dir='ltr'>in</span> <span class='ocrx_word' id='word_1_129' title='bbox 809 1194 935 1266; x_wconf 87' lang='lat' dir='ltr'>oppidum</span> <span class='ocrx_word' id='word_1_130' title='bbox 985 1193 1076 1264; x_wconf 84' lang='lat' dir='ltr'>solui),</span> <span class='ocrx_word' id='word_1_131' title='bbox 1089 1201 1207 1248; x_wconf 86' lang='lat' dir='ltr'>attamen</span> <span class='ocrx_word' id='word_1_132' title='bbox 1222 1191 1293 1248; x_wconf 89' lang='lat' dir='ltr'>hunc</span> <span class='ocrx_word' id='word_1_133' title='bbox 1310 1193 1390 1260; x_wconf 67' lang='lat' dir='ltr'>ejnm</span> <span class='ocrx_word' id='word_1_134' title='bbox 1405 1189 1515 1247; x_wconf 91' lang='lat' dir='ltr'>secundi</span> <span class='ocrx_word' id='word_1_135' title='bbox 1536 1189 1637 1245; x_wconf 79' lang='lat' dir='ltr'>ordinis</span> <span class='ocrx_word' id='word_1_136' title='bbox 1651 1189 1774 1245; x_wconf 77' lang='lat' dir='ltr'>sacerdo</span> 
     </span>
     <span class='ocr_line' id='line_1_12' title="bbox 143 1281 1776 1364; baseline -0.009 -14"><span class='ocrx_word' id='word_1_137' title='bbox 143 1288 378 1364; x_wconf 68' lang='lat' dir='ltr'>suprascriptum,</span> <span class='ocrx_word' id='word_1_138' title='bbox 405 1288 607 1359; x_wconf 78' lang='lat' dir='ltr'>prouincialium</span> <span class='ocrx_word' id='word_1_139' title='bbox 640 1286 809 1343; x_wconf 89' lang='lat' dir='ltr'>sacerdotum</span> <span class='ocrx_word' id='word_1_140' title='bbox 837 1284 936 1357; x_wconf 79' lang='lat' dir='ltr'>praevio</span> <span class='ocrx_word' id='word_1_141' title='bbox 986 1295 1052 1357; x_wconf 88' lang='lat' dir='ltr'>tem,</span> <span class='ocrx_word' id='word_1_142' title='bbox 1069 1286 1192 1343; x_wconf 91' lang='lat' dir='ltr'>dissonas</span> <span class='ocrx_word' id='word_1_143' title='bbox 1207 1287 1278 1341; x_wconf 91' lang='lat' dir='ltr'>inter</span> <span class='ocrx_word' id='word_1_144' title='bbox 1293 1285 1511 1354; x_wconf 73' lang='lat' dir='ltr'>narbonenses,</span> <span class='ocrx_word' id='word_1_145' title='bbox 1531 1297 1592 1354; x_wconf 76' lang='lat' dir='ltr'>qun</span> <span class='ocrx_word' id='word_1_146' title='bbox 1612 1281 1776 1338; x_wconf 77' lang='lat' dir='ltr'>differebant</span> 
     </span>
     <span class='ocr_line' id='line_1_13' title="bbox 144 1373 1778 1455; baseline -0.006 -17"><span class='ocrx_word' id='word_1_147' title='bbox 144 1383 259 1455; x_wconf 70' lang='lat' dir='ltr'>purtim,</span> <span class='ocrx_word' id='word_1_148' title='bbox 275 1378 372 1452; x_wconf 83' lang='lat' dir='ltr'>purtim</span> <span class='ocrx_word' id='word_1_149' title='bbox 385 1381 528 1436; x_wconf 82' lang='lat' dir='ltr'>comitante</span> <span class='ocrx_word' id='word_1_150' title='bbox 541 1379 666 1449; x_wconf 88' lang='lat' dir='ltr'>collegio,</span> <span class='ocrx_word' id='word_1_151' title='bbox 681 1379 784 1435; x_wconf 89' lang='lat' dir='ltr'>scilicet</span> <span class='ocrx_word' id='word_1_152' title='bbox 798 1387 828 1434; x_wconf 92' lang='lat' dir='ltr'>ut</span> <span class='ocrx_word' id='word_1_153' title='bbox 850 1378 937 1435; x_wconf 89' lang='lat' dir='ltr'>muni·</span> <span class='ocrx_word' id='word_1_154' title='bbox 986 1376 1096 1434; x_wconf 88' lang='lat' dir='ltr'>laudare</span> <span class='ocrx_word' id='word_1_155' title='bbox 1114 1392 1167 1432; x_wconf 93' lang='lat' dir='ltr'>non</span> <span class='ocrx_word' id='word_1_156' title='bbox 1185 1375 1365 1442; x_wconf 77' lang='lat' dir='ltr'>ambientem,</span> <span class='ocrx_word' id='word_1_157' title='bbox 1384 1375 1431 1431; x_wconf 91' lang='lat' dir='ltr'>sed</span> <span class='ocrx_word' id='word_1_158' title='bbox 1450 1389 1500 1431; x_wconf 92' lang='lat' dir='ltr'>nec</span> <span class='ocrx_word' id='word_1_159' title='bbox 1516 1373 1649 1431; x_wconf 76' lang='lat' dir='ltr'>auriebant</span> <span class='ocrx_word' id='word_1_160' title='bbox 1668 1373 1778 1445; x_wconf 83' lang='lat' dir='ltr'>culpare</span> 
     </span>
     <span class='ocr_line' id='line_1_14' title="bbox 144 1466 1777 1549; baseline -0.006 -16"><span class='ocrx_word' id='word_1_161' title='bbox 144 1476 223 1549; x_wconf 78' lang='lat' dir='ltr'>cipio</span> <span class='ocrx_word' id='word_1_162' title='bbox 237 1488 358 1533; x_wconf 84' lang='lat' dir='ltr'>summus</span> <span class='ocrx_word' id='word_1_163' title='bbox 368 1474 463 1545; x_wconf 82' lang='lat' dir='ltr'>uliquis</span> <span class='ocrx_word' id='word_1_164' title='bbox 474 1477 585 1530; x_wconf 90' lang='lat' dir='ltr'>antistes</span> <span class='ocrx_word' id='word_1_165' title='bbox 594 1472 765 1529; x_wconf 90' lang='lat' dir='ltr'>ordinaretur</span> <span class='ocrx_word' id='word_1_166' title='bbox 779 1489 786 1526; x_wconf 92' lang='lat'>:</span> <span class='ocrx_word' id='word_1_167' title='bbox 802 1473 880 1540; x_wconf 82' lang='lat' dir='ltr'>cujus</span> <span class='ocrx_word' id='word_1_168' title='bbox 892 1486 937 1528; x_wconf 92' lang='lat' dir='ltr'>ec·</span> <span class='ocrx_word' id='word_1_169' title='bbox 985 1466 1164 1537; x_wconf 65' lang='lat' dir='ltr'>laudabilem</span> <span class='ocrx_word' id='word_1_170' title='bbox 1192 1468 1363 1538; x_wconf 74' lang='lat' dir='ltr'>stupentibus</span> <span class='ocrx_word' id='word_1_171' title='bbox 1389 1467 1531 1537; x_wconf 79' lang='lat' dir='ltr'>factiosis,</span> <span class='ocrx_word' id='word_1_172' title='bbox 1556 1467 1777 1524; x_wconf 87' lang='lat' dir='ltr'>erubescentibus</span> 
     </span>
     <span class='ocr_line' id='line_1_15' title="bbox 146 1559 1775 1638; baseline -0.008 -10"><span class='ocrx_word' id='word_1_173' title='bbox 146 1564 241 1628; x_wconf 74' lang='lat' dir='ltr'>clasiae</span> <span class='ocrx_word' id='word_1_174' title='bbox 252 1568 391 1638; x_wconf 87' lang='lat' dir='ltr'>disciplina</span> <span class='ocrx_word' id='word_1_175' title='bbox 405 1568 524 1633; x_wconf 85' lang='lat' dir='ltr'>nutabat,</span> <span class='ocrx_word' id='word_1_176' title='bbox 541 1575 680 1638; x_wconf 81' lang='lat' dir='ltr'>postquam</span> <span class='ocrx_word' id='word_1_177' title='bbox 690 1565 782 1636; x_wconf 84' lang='lat' dir='ltr'>junior</span> <span class='ocrx_word' id='word_1_178' title='bbox 795 1565 938 1636; x_wconf 89' lang='lat' dir='ltr'>episcopus</span> <span class='ocrx_word' id='word_1_179' title='bbox 986 1563 1075 1631; x_wconf 90' lang='lat' dir='ltr'>malis,</span> <span class='ocrx_word' id='word_1_180' title='bbox 1086 1562 1296 1620; x_wconf 88' lang='lat' dir='ltr'>acclamantibus</span> <span class='ocrx_word' id='word_1_181' title='bbox 1320 1561 1415 1626; x_wconf 92' lang='lat' dir='ltr'>bonis,</span> <span class='ocrx_word' id='word_1_182' title='bbox 1440 1560 1646 1616; x_wconf 88' lang='lat' dir='ltr'>reclamantibus</span> <span class='ocrx_word' id='word_1_183' title='bbox 1676 1559 1775 1636; x_wconf 87' lang='lat' dir='ltr'>nuhis,</span> 
     </span>
     <span class='ocr_line' id='line_1_16' title="bbox 145 1651 1778 1728; baseline -0.004 -10"><span class='ocrx_word' id='word_1_184' title='bbox 145 1660 249 1718; x_wconf 71' lang='lat' dir='ltr'>metus</span> <span class='ocrx_word' id='word_1_185' title='bbox 266 1660 425 1717; x_wconf 85' lang='lat' dir='ltr'>discesserat</span> <span class='ocrx_word' id='word_1_186' title='bbox 439 1660 660 1728; x_wconf 80' lang='lat' dir='ltr'>decesseratque:</span> <span class='ocrx_word' id='word_1_187' title='bbox 676 1666 837 1728; x_wconf 84' lang='lat' dir='ltr'>exceperunt</span> <span class='ocrx_word' id='word_1_188' title='bbox 851 1658 938 1728; x_wconf 92' lang='lat' dir='ltr'>ponti·</span> <span class='ocrx_word' id='word_1_189' title='bbox 987 1657 1116 1725; x_wconf 84' lang='lat' dir='ltr'>collegam</span> <span class='ocrx_word' id='word_1_190' title='bbox 1129 1656 1181 1713; x_wconf 91' lang='lat' dir='ltr'>sibi</span> <span class='ocrx_word' id='word_1_191' title='bbox 1196 1669 1396 1713; x_wconf 83' lang='lat' dir='ltr'>consecravere.</span> <span class='ocrx_word' id='word_1_192' title='bbox 1410 1653 1488 1709; x_wconf 83' lang='lat' dir='ltr'>Nunc</span> <span class='ocrx_word' id='word_1_193' title='bbox 1501 1667 1565 1724; x_wconf 89' lang='lat' dir='ltr'>ergo</span> <span class='ocrx_word' id='word_1_194' title='bbox 1585 1651 1737 1710; x_wconf 67' lang='lat' dir='ltr'>dlurensia</span> <span class='ocrx_word' id='word_1_195' title='bbox 1755 1653 1778 1712; x_wconf 84' lang='lat' dir='ltr'>st</span> 
     </span>
     <span class='ocr_line' id='line_1_17' title="bbox 153 1724 1778 1820; baseline -0.003 -14"><span class='ocrx_word' id='word_1_196' title='bbox 153 1746 381 1808; x_wconf 82' lang='lat' dir='ltr'>tlcalsconciiinm</span> <span class='ocrx_word' id='word_1_197' title='bbox 395 1751 475 1806; x_wconf 81' lang='lat' dir='ltr'>sarie</span> <span class='ocrx_word' id='word_1_198' title='bbox 486 1750 639 1806; x_wconf 82' lang='lat' dir='ltr'>uoluntates</span> <span class='ocrx_word' id='word_1_199' title='bbox 652 1748 863 1820; x_wconf 78' lang='lat' dir='ltr'>oppidanorum,</span> <span class='ocrx_word' id='word_1_200' title='bbox 889 1763 937 1807; x_wconf 92' lang='lat' dir='ltr'>nec</span> <span class='ocrx_word' id='word_1_201' title='bbox 952 1724 1231 1820; x_wconf 74' lang='lat' dir='ltr'>13t&#39;eremit&#39;tuntjam</span> <span class='ocrx_word' id='word_1_202' title='bbox 1248 1746 1413 1803; x_wconf 84' lang='lat' dir='ltr'>monasteria</span> <span class='ocrx_word' id='word_1_203' title='bbox 1434 1743 1461 1800; x_wconf 91' lang='lat' dir='ltr'>in</span> <span class='ocrx_word' id='word_1_204' title='bbox 1479 1759 1538 1816; x_wconf 77' lang='lat' dir='ltr'>quac</span> <span class='ocrx_word' id='word_1_205' title='bbox 1552 1744 1667 1800; x_wconf 90' lang='lat' dir='ltr'>libenter</span> <span class='ocrx_word' id='word_1_206' title='bbox 1682 1743 1778 1801; x_wconf 80' lang='lat' dir='ltr'>solitus</span> 
     </span>
     <span class='ocr_line' id='line_1_18' title="bbox 144 1835 1779 1916; baseline -0.006 -15"><span class='ocrx_word' id='word_1_207' title='bbox 144 1840 205 1902; x_wconf 55' lang='lat' dir='ltr'>&gt;non</span> <span class='ocrx_word' id='word_1_208' title='bbox 223 1853 251 1901; x_wconf 91' lang='lat' dir='ltr'>et</span> <span class='ocrx_word' id='word_1_209' title='bbox 264 1845 320 1912; x_wconf 89' lang='lat' dir='ltr'>illa,</span> <span class='ocrx_word' id='word_1_210' title='bbox 332 1859 392 1916; x_wconf 78' lang='lat' dir='ltr'>quae</span> <span class='ocrx_word' id='word_1_211' title='bbox 404 1843 501 1899; x_wconf 88' lang='lat' dir='ltr'>bonum</span> <span class='ocrx_word' id='word_1_212' title='bbox 518 1843 650 1912; x_wconf 89' lang='lat' dir='ltr'>publicum</span> <span class='ocrx_word' id='word_1_213' title='bbox 665 1856 772 1914; x_wconf 87' lang='lat' dir='ltr'>semper</span> <span class='ocrx_word' id='word_1_214' title='bbox 791 1850 936 1911; x_wconf 81' lang='lat' dir='ltr'>evertunt,</span> <span class='ocrx_word' id='word_1_215' title='bbox 991 1840 1146 1906; x_wconf 87' lang='lat' dir='ltr'>ascendere,</span> <span class='ocrx_word' id='word_1_216' title='bbox 1159 1838 1213 1908; x_wconf 86' lang='lat' dir='ltr'>jam</span> <span class='ocrx_word' id='word_1_217' title='bbox 1228 1838 1384 1895; x_wconf 71' lang='lat' dir='ltr'>celestibus</span> <span class='ocrx_word' id='word_1_218' title='bbox 1395 1837 1572 1908; x_wconf 86' lang='lat' dir='ltr'>supernisque</span> <span class='ocrx_word' id='word_1_219' title='bbox 1592 1836 1718 1907; x_wconf 80' lang='lat' dir='ltr'>preludia</span> <span class='ocrx_word' id='word_1_220' title='bbox 1732 1835 1779 1891; x_wconf 89' lang='lat' dir='ltr'>ba·</span> 
     </span>
     <span class='ocr_line' id='line_1_19' title="bbox 153 1929 1779 2012; baseline -0.008 -16"><span class='ocrx_word' id='word_1_221' title='bbox 153 1942 237 1998; x_wconf 90' lang='lat' dir='ltr'>studia</span> <span class='ocrx_word' id='word_1_222' title='bbox 249 1942 366 2012; x_wconf 82' lang='lat' dir='ltr'>priuata3</span> <span class='ocrx_word' id='word_1_223' title='bbox 381 1954 441 2009; x_wconf 75' lang='lat' dir='ltr'>quse</span> <span class='ocrx_word' id='word_1_224' title='bbox 462 1937 569 2009; x_wconf 84' lang='lat' dir='ltr'>quidam</span> <span class='ocrx_word' id='word_1_225' title='bbox 584 1938 766 1993; x_wconf 76' lang='lat' dir='ltr'>triumviratus</span> <span class='ocrx_word' id='word_1_226' title='bbox 779 1938 940 1994; x_wconf 87' lang='lat' dir='ltr'>accenderat</span> <span class='ocrx_word' id='word_1_227' title='bbox 991 1932 1123 1997; x_wconf 89' lang='lat' dir='ltr'>bitacniis,</span> <span class='ocrx_word' id='word_1_228' title='bbox 1135 1930 1252 2002; x_wconf 80' lang='lat' dir='ltr'>gaudere</span> <span class='ocrx_word' id='word_1_229' title='bbox 1266 1939 1292 1986; x_wconf 91' lang='lat' dir='ltr'>te</span> <span class='ocrx_word' id='word_1_230' title='bbox 1304 1944 1352 1999; x_wconf 89' lang='lat' dir='ltr'>par</span> <span class='ocrx_word' id='word_1_231' title='bbox 1365 1938 1406 1985; x_wconf 89' lang='lat' dir='ltr'>est</span> <span class='ocrx_word' id='word_1_232' title='bbox 1423 1930 1458 1985; x_wconf 92' lang='lat' dir='ltr'>de</span> <span class='ocrx_word' id='word_1_233' title='bbox 1479 1929 1657 1985; x_wconf 90' lang='lat' dir='ltr'>communium</span> <span class='ocrx_word' id='word_1_234' title='bbox 1673 1936 1779 1996; x_wconf 87' lang='lat' dir='ltr'>patrum</span> 
     </span>
     <span class='ocr_line' id='line_1_20' title="bbox 155 2019 1779 2106; baseline -0.01 -17"><span class='ocrx_word' id='word_1_235' title='bbox 155 2033 234 2106; x_wconf 75' lang='lat'>120</span> <span class='ocrx_word' id='word_1_236' title='bbox 250 2030 454 2102; x_wconf 87' lang='lat' dir='ltr'>competitorum</span> <span class='ocrx_word' id='word_1_237' title='bbox 478 2027 614 2100; x_wconf 83' lang='lat' dir='ltr'>:qtrornm</span> <span class='ocrx_word' id='word_1_238' title='bbox 628 2028 691 2084; x_wconf 88' lang='lat' dir='ltr'>binc</span> <span class='ocrx_word' id='word_1_239' title='bbox 711 2029 846 2098; x_wconf 84' lang='lat' dir='ltr'>antiquam</span> <span class='ocrx_word' id='word_1_240' title='bbox 865 2036 939 2082; x_wconf 88' lang='lat' dir='ltr'>nata·</span> <span class='ocrx_word' id='word_1_241' title='bbox 991 2025 1034 2082; x_wconf 82' lang='lat' dir='ltr'>sel</span> <span class='ocrx_word' id='word_1_242' title='bbox 1049 2026 1233 2094; x_wconf 83' lang='lat' dir='ltr'>patronorum,</span> <span class='ocrx_word' id='word_1_243' title='bbox 1255 2024 1331 2095; x_wconf 75' lang='lat'>127</span> <span class='ocrx_word' id='word_1_244' title='bbox 1347 2037 1393 2077; x_wconf 89' lang='lat' dir='ltr'>sen</span> <span class='ocrx_word' id='word_1_245' title='bbox 1410 2021 1448 2078; x_wconf 89' lang='lat' dir='ltr'>sic</span> <span class='ocrx_word' id='word_1_246' title='bbox 1466 2021 1597 2078; x_wconf 89' lang='lat' dir='ltr'>sentiente</span> <span class='ocrx_word' id='word_1_247' title='bbox 1616 2019 1779 2085; x_wconf 89' lang='lat' dir='ltr'>concordia,</span> 
     </span>
     <span class='ocr_line' id='line_1_21' title="bbox 153 2111 1780 2194; baseline -0.007 -16"><span class='ocrx_word' id='word_1_248' title='bbox 153 2124 219 2178; x_wconf 90' lang='lat' dir='ltr'>lium</span> <span class='ocrx_word' id='word_1_249' title='bbox 240 2123 443 2194; x_wconf 71' lang='lat' dir='ltr'>prerogativam</span> <span class='ocrx_word' id='word_1_250' title='bbox 463 2120 566 2191; x_wconf 83' lang='lat' dir='ltr'>reliqua</span> <span class='ocrx_word' id='word_1_251' title='bbox 587 2119 730 2176; x_wconf 84' lang='lat' dir='ltr'>destitutus</span> <span class='ocrx_word' id='word_1_252' title='bbox 750 2133 854 2173; x_wconf 88' lang='lat' dir='ltr'>ntorum</span> <span class='ocrx_word' id='word_1_253' title='bbox 878 2117 940 2174; x_wconf 88' lang='lat' dir='ltr'>dote</span> <span class='ocrx_word' id='word_1_254' title='bbox 994 2129 1042 2172; x_wconf 89' lang='lat' dir='ltr'>scu</span> <span class='ocrx_word' id='word_1_255' title='bbox 1056 2117 1094 2171; x_wconf 90' lang='lat' dir='ltr'>sic</span> <span class='ocrx_word' id='word_1_256' title='bbox 1109 2116 1289 2171; x_wconf 86' lang='lat' dir='ltr'>concordante</span> <span class='ocrx_word' id='word_1_257' title='bbox 1303 2113 1446 2171; x_wconf 84' lang='lat' dir='ltr'>smttemia.</span> <span class='ocrx_word' id='word_1_258' title='bbox 1460 2112 1534 2167; x_wconf 87' lang='lat' dir='ltr'>lilius</span> <span class='ocrx_word' id='word_1_259' title='bbox 1550 2125 1657 2182; x_wconf 82' lang='lat' dir='ltr'>quoque</span> <span class='ocrx_word' id='word_1_260' title='bbox 1670 2111 1780 2167; x_wconf 84' lang='lat' dir='ltr'>nomine</span> 
     </span>
     <span class='ocr_line' id='line_1_22' title="bbox 146 2203 1780 2283; baseline -0.009 -11"><span class='ocrx_word' id='word_1_261' title='bbox 146 2215 277 2272; x_wconf 83' lang='lat' dir='ltr'>ructabat</span> <span class='ocrx_word' id='word_1_262' title='bbox 287 2232 295 2269; x_wconf 79' lang='lat' dir='ltr'>a</span> <span class='ocrx_word' id='word_1_263' title='bbox 306 2214 350 2269; x_wconf 90' lang='lat' dir='ltr'>bic</span> <span class='ocrx_word' id='word_1_264' title='bbox 360 2228 409 2283; x_wconf 88' lang='lat' dir='ltr'>per</span> <span class='ocrx_word' id='word_1_265' title='bbox 418 2213 537 2283; x_wconf 75' lang='lat' dir='ltr'>fragores</span> <span class='ocrx_word' id='word_1_266' title='bbox 547 2210 715 2281; x_wconf 85' lang='lat' dir='ltr'>parasiticos,</span> <span class='ocrx_word' id='word_1_267' title='bbox 728 2211 875 2266; x_wconf 88' lang='lat' dir='ltr'>culinarum</span> <span class='ocrx_word' id='word_1_268' title='bbox 887 2208 943 2265; x_wconf 85' lang='lat' dir='ltr'>sui·</span> <span class='ocrx_word' id='word_1_269' title='bbox 994 2206 1111 2273; x_wconf 84' lang='lat' dir='ltr'>exsulta,</span> <span class='ocrx_word' id='word_1_270' title='bbox 1127 2220 1205 2276; x_wconf 88' lang='lat' dir='ltr'>quem</span> <span class='ocrx_word' id='word_1_271' title='bbox 1220 2212 1383 2262; x_wconf 81' lang='lat' dir='ltr'>creauerunt</span> <span class='ocrx_word' id='word_1_272' title='bbox 1409 2203 1580 2274; x_wconf 78' lang='lat' dir='ltr'>Euphronius</span> <span class='ocrx_word' id='word_1_273' title='bbox 1605 2203 1780 2274; x_wconf 90' lang='lat' dir='ltr'>testimonio,</span> 
     </span>
     <span class='ocr_line' id='line_1_23' title="bbox 147 2293 1782 2380; baseline -0.007 -17"><span class='ocrx_word' id='word_1_274' title='bbox 147 2306 240 2380; x_wconf 80' lang='lat' dir='ltr'>dragio</span> <span class='ocrx_word' id='word_1_275' title='bbox 252 2314 431 2378; x_wconf 84' lang='lat' dir='ltr'>comparatus,</span> <span class='ocrx_word' id='word_1_276' title='bbox 447 2304 582 2374; x_wconf 77' lang='lat' dir='ltr'>Apicianis</span> <span class='ocrx_word' id='word_1_277' title='bbox 596 2303 731 2374; x_wconf 90' lang='lat' dir='ltr'>plausibus</span> <span class='ocrx_word' id='word_1_278' title='bbox 749 2301 938 2374; x_wconf 87' lang='lat' dir='ltr'>ingerebatnr;</span> <span class='ocrx_word' id='word_1_279' title='bbox 993 2296 1104 2353; x_wconf 81' lang='lat' dir='ltr'>Patiens</span> <span class='ocrx_word' id='word_1_280' title='bbox 1115 2312 1205 2363; x_wconf 90' lang='lat' dir='ltr'>manu,</span> <span class='ocrx_word' id='word_1_281' title='bbox 1220 2295 1299 2352; x_wconf 90' lang='lat' dir='ltr'>ambo</span> <span class='ocrx_word' id='word_1_282' title='bbox 1311 2296 1423 2367; x_wconf 82' lang='lat' dir='ltr'>judicio.</span> <span class='ocrx_word' id='word_1_283' title='bbox 1436 2295 1463 2350; x_wconf 92' lang='lat' dir='ltr'>ln</span> <span class='ocrx_word' id='word_1_284' title='bbox 1478 2309 1530 2365; x_wconf 83' lang='lat' dir='ltr'>qno</span> <span class='ocrx_word' id='word_1_285' title='bbox 1542 2293 1782 2365; x_wconf 84' lang='lat' dir='ltr'>lecitllupbronius</span> 
     </span>
     <span class='ocr_line' id='line_1_24' title="bbox 149 2388 1783 2469; baseline -0.004 -16"><span class='ocrx_word' id='word_1_286' title='bbox 149 2395 199 2454; x_wconf 82' lang='lat' dir='ltr'>¹bie</span> <span class='ocrx_word' id='word_1_287' title='bbox 212 2400 287 2469; x_wconf 89' lang='lat' dir='ltr'>apice</span> <span class='ocrx_word' id='word_1_288' title='bbox 297 2400 390 2452; x_wconf 83' lang='lat' dir='ltr'>votivo</span> <span class='ocrx_word' id='word_1_289' title='bbox 402 2397 424 2450; x_wconf 91' lang='lat' dir='ltr'>si</span> <span class='ocrx_word' id='word_1_290' title='bbox 437 2397 577 2466; x_wconf 85' lang='lat' dir='ltr'>potiretur,</span> <span class='ocrx_word' id='word_1_291' title='bbox 590 2395 670 2450; x_wconf 83' lang='lat' dir='ltr'>tacita</span> <span class='ocrx_word' id='word_1_292' title='bbox 693 2395 815 2463; x_wconf 88' lang='lat' dir='ltr'>pactione</span> <span class='ocrx_word' id='word_1_293' title='bbox 840 2394 943 2464; x_wconf 85' lang='lat' dir='ltr'>promi·</span> <span class='ocrx_word' id='word_1_294' title='bbox 994 2390 1064 2461; x_wconf 74' lang='lat' dir='ltr'>cuod</span> <span class='ocrx_word' id='word_1_295' title='bbox 1080 2391 1234 2447; x_wconf 85' lang='lat' dir='ltr'>conveniret</span> <span class='ocrx_word' id='word_1_296' title='bbox 1249 2404 1302 2446; x_wconf 91' lang='lat' dir='ltr'>non</span> <span class='ocrx_word' id='word_1_297' title='bbox 1315 2389 1462 2446; x_wconf 88' lang='lat' dir='ltr'>senectutis</span> <span class='ocrx_word' id='word_1_298' title='bbox 1482 2388 1563 2444; x_wconf 92' lang='lat' dir='ltr'>modo</span> <span class='ocrx_word' id='word_1_299' title='bbox 1584 2403 1659 2455; x_wconf 80' lang='lat' dir='ltr'>stru,</span> <span class='ocrx_word' id='word_1_300' title='bbox 1685 2402 1783 2446; x_wconf 86' lang='lat' dir='ltr'>rerunt</span> 
     </span>
     <span class='ocr_line' id='line_1_25' title="bbox 156 2480 1783 2555; baseline -0.003 -12"><span class='ocrx_word' id='word_1_301' title='bbox 156 2495 229 2544; x_wconf 87' lang='lat' dir='ltr'>serat</span> <span class='ocrx_word' id='word_1_302' title='bbox 255 2487 435 2543; x_wconf 87' lang='lat' dir='ltr'>ecclesiastica</span> <span class='ocrx_word' id='word_1_303' title='bbox 458 2484 626 2555; x_wconf 80' lang='lat' dir='ltr'>plausoribus</span> <span class='ocrx_word' id='word_1_304' title='bbox 649 2483 705 2539; x_wconf 84' lang='lat' dir='ltr'>suis</span> <span class='ocrx_word' id='word_1_305' title='bbox 724 2484 821 2551; x_wconf 80' lang='lat' dir='ltr'>prada</span> <span class='ocrx_word' id='word_1_306' title='bbox 843 2485 943 2554; x_wconf 80' lang='lat' dir='ltr'>pradia</span> <span class='ocrx_word' id='word_1_307' title='bbox 994 2483 1074 2541; x_wconf 88' lang='lat' dir='ltr'>etiam</span> <span class='ocrx_word' id='word_1_308' title='bbox 1100 2482 1235 2553; x_wconf 84' lang='lat' dir='ltr'>dignitatis</span> <span class='ocrx_word' id='word_1_309' title='bbox 1260 2481 1421 2553; x_wconf 67' lang='lat' dir='ltr'>longaevitati</span> <span class='ocrx_word' id='word_1_310' title='bbox 1445 2496 1454 2537; x_wconf 77' lang='lat' dir='ltr'>a</span> <span class='ocrx_word' id='word_1_311' title='bbox 1476 2481 1541 2538; x_wconf 86' lang='lat' dir='ltr'>iecit</span> <span class='ocrx_word' id='word_1_312' title='bbox 1562 2488 1590 2537; x_wconf 88' lang='lat' dir='ltr'>ct</span> <span class='ocrx_word' id='word_1_313' title='bbox 1611 2480 1719 2537; x_wconf 84' lang='lat' dir='ltr'>Patiens</span> <span class='ocrx_word' id='word_1_314' title='bbox 1742 2481 1783 2538; x_wconf 77' lang='lat' dir='ltr'>eit</span> 
     </span>
     <span class='ocr_line' id='line_1_26' title="bbox 156 2556 1784 2657; baseline -0.004 -24"><span class='ocrx_word' id='word_1_315' title='bbox 156 2577 223 2633; x_wconf 88' lang='lat' dir='ltr'>iure.</span> <span class='ocrx_word' id='word_1_316' title='bbox 239 2578 316 2644; x_wconf 81' lang='lat' dir='ltr'>Quod</span> <span class='ocrx_word' id='word_1_317' title='bbox 330 2577 375 2632; x_wconf 91' lang='lat' dir='ltr'>ubi</span> <span class='ocrx_word' id='word_1_318' title='bbox 388 2577 510 2632; x_wconf 85' lang='lat' dir='ltr'>viderunt</span> <span class='ocrx_word' id='word_1_319' title='bbox 530 2584 638 2631; x_wconf 87' lang='lat' dir='ltr'>sanctus</span> <span class='ocrx_word' id='word_1_320' title='bbox 658 2574 767 2631; x_wconf 90' lang='lat' dir='ltr'>Patiens</span> <span class='ocrx_word' id='word_1_321' title='bbox 787 2582 815 2630; x_wconf 93' lang='lat' dir='ltr'>et</span> <span class='ocrx_word' id='word_1_322' title='bbox 835 2585 942 2632; x_wconf 91' lang='lat' dir='ltr'>sanctus</span> <span class='ocrx_word' id='word_1_323' title='bbox 995 2574 1141 2657; x_wconf 83' lang='lat' dir='ltr'>quamlibet</span> <span class='ocrx_word' id='word_1_324' title='bbox 1151 2574 1255 2644; x_wconf 86' lang='lat' dir='ltr'>magnis</span> <span class='ocrx_word' id='word_1_325' title='bbox 1270 2583 1415 2644; x_wconf 88' lang='lat' dir='ltr'>partamen</span> <span class='ocrx_word' id='word_1_326' title='bbox 1431 2571 1564 2639; x_wconf 88' lang='lat' dir='ltr'>laudibus,</span> <span class='ocrx_word' id='word_1_327' title='bbox 1575 2573 1645 2643; x_wconf 80' lang='lat' dir='ltr'>quod</span> <span class='ocrx_word' id='word_1_328' title='bbox 1659 2556 1726 2628; x_wconf 73' lang='lat' dir='ltr'>salis</span> <span class='ocrx_word' id='word_1_329' title='bbox 1736 2571 1784 2628; x_wconf 78' lang='lat' dir='ltr'>de-</span> 
     </span>
     <span class='ocr_line' id='line_1_27' title="bbox 157 2661 1785 2740; baseline -0.003 -16"><span class='ocrx_word' id='word_1_330' title='bbox 157 2668 347 2740; x_wconf 71' lang='lat' dir='ltr'>Euphronius,</span> <span class='ocrx_word' id='word_1_331' title='bbox 367 2669 412 2738; x_wconf 81' lang='lat' dir='ltr'>qui</span> <span class='ocrx_word' id='word_1_332' title='bbox 435 2668 550 2738; x_wconf 83' lang='lat' dir='ltr'>rigorem</span> <span class='ocrx_word' id='word_1_333' title='bbox 573 2665 780 2736; x_wconf 78' lang='lat' dir='ltr'>firmitatemque</span> <span class='ocrx_word' id='word_1_334' title='bbox 802 2667 943 2722; x_wconf 84' lang='lat' dir='ltr'>sententiae</span> <span class='ocrx_word' id='word_1_335' title='bbox 995 2667 1051 2723; x_wconf 88' lang='lat' dir='ltr'>cuit</span> <span class='ocrx_word' id='word_1_336' title='bbox 1062 2666 1149 2721; x_wconf 84' lang='lat' dir='ltr'>iacere</span> <span class='ocrx_word' id='word_1_337' title='bbox 1161 2679 1317 2736; x_wconf 66' lang='lat' dir='ltr'>monam,</span> <span class='ocrx_word' id='word_1_338' title='bbox 1331 2678 1390 2734; x_wconf 80' lang='lat' dir='ltr'>qua</span> <span class='ocrx_word' id='word_1_339' title='bbox 1403 2669 1484 2733; x_wconf 88' lang='lat' dir='ltr'>caput</span> <span class='ocrx_word' id='word_1_340' title='bbox 1497 2671 1538 2719; x_wconf 89' lang='lat' dir='ltr'>est</span> <span class='ocrx_word' id='word_1_341' title='bbox 1549 2671 1562 2701; x_wconf 70' lang='lat' dir='ltr'>a</span> <span class='ocrx_word' id='word_1_342' title='bbox 1575 2661 1677 2719; x_wconf 82' lang='lat' dir='ltr'>ciuitati</span> <span class='ocrx_word' id='word_1_343' title='bbox 1685 2670 1785 2719; x_wconf 77' lang='lat' dir='ltr'>nostru</span> 
     </span>
     <span class='ocr_line' id='line_1_28' title="bbox 156 2749 1786 2829; baseline -0.004 -13"><span class='ocrx_word' id='word_1_344' title='bbox 156 2758 280 2826; x_wconf 67' lang='lat' dir='ltr'>artioris,</span> <span class='ocrx_word' id='word_1_345' title='bbox 292 2767 389 2827; x_wconf 79' lang='lat' dir='ltr'>preter</span> <span class='ocrx_word' id='word_1_346' title='bbox 403 2749 494 2813; x_wconf 83' lang='lat' dir='ltr'>odium</span> <span class='ocrx_word' id='word_1_347' title='bbox 508 2758 685 2829; x_wconf 70' lang='lat' dir='ltr'>gratiamque,</span> <span class='ocrx_word' id='word_1_348' title='bbox 700 2757 781 2827; x_wconf 88' lang='lat' dir='ltr'>primi</span> <span class='ocrx_word' id='word_1_349' title='bbox 796 2756 941 2824; x_wconf 78' lang='lat' dir='ltr'>tenebant:</span> <span class='ocrx_word' id='word_1_350' title='bbox 996 2770 1045 2829; x_wconf 88' lang='lat' dir='ltr'>per</span> <span class='ocrx_word' id='word_1_351' title='bbox 1058 2757 1246 2824; x_wconf 88' lang='lat' dir='ltr'>sacerdotium,</span> <span class='ocrx_word' id='word_1_352' title='bbox 1263 2756 1488 2828; x_wconf 67' lang='lat' dir='ltr'>provinciaram</span> <span class='ocrx_word' id='word_1_353' title='bbox 1506 2763 1604 2811; x_wconf 83' lang='lat' dir='ltr'>testru</span> <span class='ocrx_word' id='word_1_354' title='bbox 1619 2768 1668 2826; x_wconf 83' lang='lat' dir='ltr'>per</span> <span class='ocrx_word' id='word_1_355' title='bbox 1691 2751 1786 2811; x_wconf 81' lang='lat' dir='ltr'>cirita·</span> 
     </span>
     <span class='ocr_line' id='line_1_29' title="bbox 156 2848 1154 2920; baseline -0.003 -12"><span class='ocrx_word' id='word_1_356' title='bbox 156 2851 270 2908; x_wconf 81' lang='lat' dir='ltr'>oonsilio</span> <span class='ocrx_word' id='word_1_357' title='bbox 284 2864 344 2908; x_wconf 91' lang='lat' dir='ltr'>cutn</span> <span class='ocrx_word' id='word_1_358' title='bbox 359 2850 525 2920; x_wconf 86' lang='lat' dir='ltr'>coepiscopis</span> <span class='ocrx_word' id='word_1_359' title='bbox 549 2849 623 2919; x_wconf 90' lang='lat' dir='ltr'>prius</span> <span class='ocrx_word' id='word_1_360' title='bbox 636 2850 707 2905; x_wconf 88' lang='lat' dir='ltr'>ciam</span> <span class='ocrx_word' id='word_1_361' title='bbox 728 2850 941 2916; x_wconf 87' lang='lat' dir='ltr'>communicato,</span> <span class='ocrx_word' id='word_1_362' title='bbox 994 2850 1062 2906; x_wconf 80' lang='lat' dir='ltr'>&#39;tem</span> <span class='ocrx_word' id='word_1_363' title='bbox 1077 2848 1154 2905; x_wconf 79' lang='lat' dir='ltr'>Vale.</span> 
     </span>
    </p>
   </div>
   <div class='ocr_carea' id='block_1_3' title="bbox 191 2946 1786 3031">
    <p class='ocr_par' dir='ltr' id='par_1_3' title="bbox 191 2946 1786 3031">
     <span class='ocr_line' id='line_1_30' title="bbox 191 2946 1786 3031; baseline 0.001 -17"><span class='ocrx_word' id='word_1_364' title='bbox 191 2958 244 3031; x_wconf 75' lang='grc'>53</span> <span class='ocrx_word' id='word_1_365' title='bbox 258 2967 273 2997; x_wconf 73' lang='lat'>⁸</span> <span class='ocrx_word' id='word_1_366' title='bbox 286 2959 361 3025; x_wconf 82' lang='lat' dir='ltr'>hino,</span> <span class='ocrx_word' id='word_1_367' title='bbox 377 2960 435 3015; x_wconf 83' lang='lat' dir='ltr'>rlro</span> <span class='ocrx_word' id='word_1_368' title='bbox 452 2958 541 3023; x_wconf 89' lang='lat' dir='ltr'>docto,</span> <span class='ocrx_word' id='word_1_369' title='bbox 552 2965 579 3013; x_wconf 90' lang='lat' dir='ltr'>et</span> <span class='ocrx_word' id='word_1_370' title='bbox 602 2957 637 3014; x_wconf 92' lang='lat' dir='ltr'>ob</span> <span class='ocrx_word' id='word_1_371' title='bbox 655 2957 759 3015; x_wconf 87' lang='lat' dir='ltr'>litteras</span> <span class='ocrx_word' id='word_1_372' title='bbox 774 2946 936 3030; x_wconf 82' lang='lat' dir='ltr'>quaestorio:</span> <span class='ocrx_word' id='word_1_373' title='bbox 951 2962 975 3026; x_wconf 87' lang='lat' dir='ltr'>c</span> <span class='ocrx_word' id='word_1_374' title='bbox 991 2961 1133 3030; x_wconf 87' lang='lat' dir='ltr'>epistolam</span> <span class='ocrx_word' id='word_1_375' title='bbox 1145 2960 1176 3015; x_wconf 88' lang='lat' dir='ltr'>ll</span> <span class='ocrx_word' id='word_1_376' title='bbox 1190 2959 1224 3015; x_wconf 92' lang='lat' dir='ltr'>de</span> <span class='ocrx_word' id='word_1_377' title='bbox 1238 2957 1395 3015; x_wconf 83' lang='lat' dir='ltr'>Claudiano.</span> <span class='ocrx_word' id='word_1_378' title='bbox 1409 2959 1538 3027; x_wconf 83' lang='lat' dir='ltr'>loannes,</span> <span class='ocrx_word' id='word_1_379' title='bbox 1550 2946 1648 3031; x_wconf 84' lang='lat' dir='ltr'>ittqttit,</span> <span class='ocrx_word' id='word_1_380' title='bbox 1662 2977 1722 3017; x_wconf 93' lang='lat' dir='ltr'>cum</span> <span class='ocrx_word' id='word_1_381' title='bbox 1739 2959 1786 3018; x_wconf 91' lang='lat' dir='ltr'>diu</span> 
     </span>
    </p>
   </div>
   <div class='ocr_carea' id='block_1_4' title="bbox 68 3029 1786 3101">
    <p class='ocr_par' dir='ltr' id='par_1_4' title="bbox 68 3029 1786 3101">
     <span class='ocr_line' id='line_1_31' title="bbox 68 3029 1786 3101; baseline 0.001 -17"><span class='ocrx_word' id='word_1_382' title='bbox 68 3088 73 3095; x_wconf 65' lang='grc'><em>,</em></span> <span class='ocrx_word' id='word_1_383' title='bbox 156 3044 268 3101; x_wconf 68' lang='lat' dir='ltr'>quorum</span> <span class='ocrx_word' id='word_1_384' title='bbox 279 3031 390 3085; x_wconf 89' lang='lat' dir='ltr'>alterurn</span> <span class='ocrx_word' id='word_1_385' title='bbox 404 3029 501 3084; x_wconf 92' lang='lat' dir='ltr'>docent</span> <span class='ocrx_word' id='word_1_386' title='bbox 511 3031 590 3097; x_wconf 86' lang='lat' dir='ltr'>epist.</span> <span class='ocrx_word' id='word_1_387' title='bbox 607 3029 679 3084; x_wconf 70' lang='lat' dir='ltr'>lbet</span> <span class='ocrx_word' id='word_1_388' title='bbox 694 3029 740 3094; x_wconf 78' lang='lat' dir='ltr'>tt,</span> <span class='ocrx_word' id='word_1_389' title='bbox 753 3030 801 3085; x_wconf 88' lang='lat' dir='ltr'>lib.</span> <span class='ocrx_word' id='word_1_390' title='bbox 814 3046 852 3095; x_wconf 87' lang='lat' dir='ltr'>rx,</span> <span class='ocrx_word' id='word_1_391' title='bbox 875 3031 940 3086; x_wconf 86' lang='lat' dir='ltr'>ulte·</span> <span class='ocrx_word' id='word_1_392' title='bbox 995 3031 1022 3086; x_wconf 87' lang='lat' dir='ltr'>ln</span> <span class='ocrx_word' id='word_1_393' title='bbox 1038 3030 1218 3087; x_wconf 76' lang='lat' dir='ltr'>archidiaconi</span> <span class='ocrx_word' id='word_1_394' title='bbox 1233 3031 1317 3100; x_wconf 88' lang='lat' dir='ltr'>gradu</span> <span class='ocrx_word' id='word_1_395' title='bbox 1331 3030 1457 3088; x_wconf 85' lang='lat' dir='ltr'>detentus</span> <span class='ocrx_word' id='word_1_396' title='bbox 1471 3033 1564 3087; x_wconf 87' lang='lat' dir='ltr'>luisset</span> <span class='ocrx_word' id='word_1_397' title='bbox 1578 3042 1688 3101; x_wconf 88' lang='lat' dir='ltr'>proptcr</span> <span class='ocrx_word' id='word_1_398' title='bbox 1703 3030 1786 3087; x_wconf 93' lang='lat' dir='ltr'>indu·</span> 
     </span>
    </p>
   </div>
   <div class='ocr_carea' id='block_1_5' title="bbox 72 3099 1788 4082">
    <p class='ocr_par' dir='ltr' id='par_1_5' title="bbox 72 3099 1786 3937">
     <span class='ocr_line' id='line_1_32' title="bbox 152 3099 1786 3173; baseline 0.002 -18"><span class='ocrx_word' id='word_1_399' title='bbox 152 3100 338 3168; x_wconf 76' lang='lat' dir='ltr'>pumeprnota</span> <span class='ocrx_word' id='word_1_400' title='bbox 350 3100 385 3155; x_wconf 90' lang='lat' dir='ltr'>ad</span> <span class='ocrx_word' id='word_1_401' title='bbox 399 3099 563 3164; x_wconf 80' lang='lat' dir='ltr'>Potentiam,</span> <span class='ocrx_word' id='word_1_402' title='bbox 578 3115 638 3168; x_wconf 79' lang='lat' dir='ltr'>qnae</span> <span class='ocrx_word' id='word_1_403' title='bbox 661 3099 790 3166; x_wconf 77' lang='lat' dir='ltr'>precedit</span> <span class='ocrx_word' id='word_1_404' title='bbox 807 3102 866 3167; x_wconf 72' lang='lat' dir='ltr'>eius</span> <span class='ocrx_word' id='word_1_405' title='bbox 887 3102 944 3170; x_wconf 88' lang='lat' dir='ltr'>epi·</span> <span class='ocrx_word' id='word_1_406' title='bbox 995 3102 1166 3169; x_wconf 79' lang='lat' dir='ltr'>striam,iam</span> <span class='ocrx_word' id='word_1_407' title='bbox 1185 3111 1274 3156; x_wconf 85' lang='lat' dir='ltr'>tauron</span> <span class='ocrx_word' id='word_1_408' title='bbox 1294 3111 1372 3157; x_wconf 88' lang='lat' dir='ltr'>uuota</span> <span class='ocrx_word' id='word_1_409' title='bbox 1393 3103 1526 3172; x_wconf 86' lang='lat' dir='ltr'>dignitato</span> <span class='ocrx_word' id='word_1_410' title='bbox 1544 3104 1685 3173; x_wconf 81' lang='lat' dir='ltr'>presbyter</span> <span class='ocrx_word' id='word_1_411' title='bbox 1707 3111 1786 3168; x_wconf 83' lang='lat' dir='ltr'>erat,</span> 
     </span>
     <span class='ocr_line' id='line_1_33' title="bbox 158 3168 1786 3243; baseline 0.002 -19"><span class='ocrx_word' id='word_1_412' title='bbox 158 3168 323 3231; x_wconf 87' lang='lat' dir='ltr'>thalamnpn.</span> <span class='ocrx_word' id='word_1_413' title='bbox 340 3171 501 3227; x_wconf 85' lang='lat' dir='ltr'>llomnnlnm</span> <span class='ocrx_word' id='word_1_414' title='bbox 517 3171 596 3223; x_wconf 88' lang='lat' dir='ltr'>etiam</span> <span class='ocrx_word' id='word_1_415' title='bbox 620 3171 688 3223; x_wconf 92' lang='lat' dir='ltr'>inter</span> <span class='ocrx_word' id='word_1_416' title='bbox 705 3184 752 3222; x_wconf 86' lang='lat' dir='ltr'>eos</span> <span class='ocrx_word' id='word_1_417' title='bbox 770 3172 814 3230; x_wconf 75' lang='lat' dir='ltr'>itui</span> <span class='ocrx_word' id='word_1_418' title='bbox 832 3171 941 3238; x_wconf 86' lang='lat' dir='ltr'>scriptis</span> <span class='ocrx_word' id='word_1_419' title='bbox 995 3185 1055 3228; x_wconf 90' lang='lat' dir='ltr'>cunr</span> <span class='ocrx_word' id='word_1_420' title='bbox 1068 3173 1168 3243; x_wconf 87' lang='lat' dir='ltr'>electus</span> <span class='ocrx_word' id='word_1_421' title='bbox 1180 3180 1222 3226; x_wconf 86' lang='lat' dir='ltr'>est</span> <span class='ocrx_word' id='word_1_422' title='bbox 1235 3172 1261 3227; x_wconf 93' lang='lat' dir='ltr'>in</span> <span class='ocrx_word' id='word_1_423' title='bbox 1276 3174 1442 3243; x_wconf 87' lang='lat' dir='ltr'>episcopum.</span> <span class='ocrx_word' id='word_1_424' title='bbox 1453 3171 1786 3237; x_wconf 72' lang='lat' dir='ltr'>archidiaconommorda</span> 
     </span>
     <span class='ocr_line' id='line_1_34' title="bbox 158 3236 1786 3312; baseline 0.003 -19"><span class='ocrx_word' id='word_1_425' title='bbox 158 3240 358 3304; x_wconf 74' lang='lat' dir='ltr'>sciscitantem,</span> <span class='ocrx_word' id='word_1_426' title='bbox 375 3247 497 3293; x_wconf 85' lang='lat' dir='ltr'>numerat</span> <span class='ocrx_word' id='word_1_427' title='bbox 511 3247 603 3294; x_wconf 82' lang='lat' dir='ltr'>artetur</span> <span class='ocrx_word' id='word_1_428' title='bbox 614 3236 790 3306; x_wconf 65' lang='lat' dir='ltr'>Vitellilarii</span> <span class='ocrx_word' id='word_1_429' title='bbox 802 3241 942 3296; x_wconf 69' lang='lat' dir='ltr'>testaren—</span> <span class='ocrx_word' id='word_1_430' title='bbox 995 3249 1024 3297; x_wconf 88' lang='lat' dir='ltr'>et</span> <span class='ocrx_word' id='word_1_431' title='bbox 1037 3242 1135 3312; x_wconf 86' lang='lat' dir='ltr'>gradus</span> <span class='ocrx_word' id='word_1_432' title='bbox 1160 3241 1223 3297; x_wconf 87' lang='lat' dir='ltr'>oiim</span> <span class='ocrx_word' id='word_1_433' title='bbox 1249 3242 1318 3294; x_wconf 78' lang='lat' dir='ltr'>alins</span> <span class='ocrx_word' id='word_1_434' title='bbox 1346 3259 1399 3297; x_wconf 88' lang='lat' dir='ltr'>non</span> <span class='ocrx_word' id='word_1_435' title='bbox 1425 3256 1482 3297; x_wconf 91' lang='lat' dir='ltr'>erat</span> <span class='ocrx_word' id='word_1_436' title='bbox 1507 3258 1585 3310; x_wconf 80' lang='lat' dir='ltr'>ouum</span> <span class='ocrx_word' id='word_1_437' title='bbox 1598 3242 1786 3299; x_wconf 84' lang='lat' dir='ltr'>diaconorum.</span> 
     </span>
     <span class='ocr_line' id='line_1_35' title="bbox 153 3306 1786 3391; baseline 0.002 -27"><span class='ocrx_word' id='word_1_438' title='bbox 153 3310 206 3391; x_wconf 71' lang='lat' dir='ltr'>als.</span> <span class='ocrx_word' id='word_1_439' title='bbox 224 3311 278 3363; x_wconf 80' lang='lat' dir='ltr'>lox</span> <span class='ocrx_word' id='word_1_440' title='bbox 293 3320 334 3391; x_wconf 77' lang='lat' dir='ltr'>est</span> <span class='ocrx_word' id='word_1_441' title='bbox 344 3310 539 3388; x_wconf 58' lang='lat' dir='ltr'>bromptonus.</span> <span class='ocrx_word' id='word_1_442' title='bbox 554 3325 568 3359; x_wconf 91' lang='lat' dir='ltr'>a</span> <span class='ocrx_word' id='word_1_443' title='bbox 581 3309 679 3362; x_wconf 87' lang='lat' dir='ltr'>domno</span> <span class='ocrx_word' id='word_1_444' title='bbox 691 3323 739 3362; x_wconf 89' lang='lat' dir='ltr'>scu</span> <span class='ocrx_word' id='word_1_445' title='bbox 752 3308 872 3363; x_wconf 90' lang='lat' dir='ltr'>domino.</span> <span class='ocrx_word' id='word_1_446' title='bbox 885 3310 943 3365; x_wconf 87' lang='lat' dir='ltr'>Sal·</span> <span class='ocrx_word' id='word_1_447' title='bbox 996 3306 1084 3379; x_wconf 69' lang='lat' dir='ltr'>Quare</span> <span class='ocrx_word' id='word_1_448' title='bbox 1094 3327 1156 3367; x_wconf 92' lang='lat' dir='ltr'>cnm</span> <span class='ocrx_word' id='word_1_449' title='bbox 1166 3311 1317 3381; x_wconf 80' lang='lat' dir='ltr'>presbyteri</span> <span class='ocrx_word' id='word_1_450' title='bbox 1332 3311 1440 3377; x_wconf 90' lang='lat' dir='ltr'>liebam,</span> <span class='ocrx_word' id='word_1_451' title='bbox 1454 3306 1670 3369; x_wconf 86' lang='lat' dir='ltr'>archidiaconatu</span> <span class='ocrx_word' id='word_1_452' title='bbox 1689 3310 1786 3368; x_wconf 85' lang='lat' dir='ltr'>deiun-</span> 
     </span>
     <span class='ocr_line' id='line_1_36' title="bbox 153 3376 1786 3453; baseline 0.001 -18"><span class='ocrx_word' id='word_1_453' title='bbox 153 3393 253 3435; x_wconf 67' lang='lat' dir='ltr'>muuus</span> <span class='ocrx_word' id='word_1_454' title='bbox 265 3381 377 3446; x_wconf 83' lang='lat' dir='ltr'>epistota</span> <span class='ocrx_word' id='word_1_455' title='bbox 391 3379 423 3433; x_wconf 92' lang='lat' dir='ltr'>ad</span> <span class='ocrx_word' id='word_1_456' title='bbox 440 3381 583 3447; x_wconf 82' lang='lat' dir='ltr'>hypatium</span> <span class='ocrx_word' id='word_1_457' title='bbox 600 3395 606 3429; x_wconf 76' lang='grc' dir='ltr'><em>τ</em></span> <span class='ocrx_word' id='word_1_458' title='bbox 621 3376 675 3430; x_wconf 84' lang='lat' dir='ltr'>llio</span> <span class='ocrx_word' id='word_1_459' title='bbox 688 3393 735 3446; x_wconf 74' lang='lat' dir='ltr'>epo</span> <span class='ocrx_word' id='word_1_460' title='bbox 753 3389 835 3433; x_wconf 72' lang='lat' dir='ltr'>cntra</span> <span class='ocrx_word' id='word_1_461' title='bbox 855 3379 944 3434; x_wconf 79' lang='lat' dir='ltr'>Pollu·</span> <span class='ocrx_word' id='word_1_462' title='bbox 994 3383 1135 3450; x_wconf 86' lang='lat' dir='ltr'>gebautur,</span> <span class='ocrx_word' id='word_1_463' title='bbox 1150 3382 1220 3449; x_wconf 83' lang='lat' dir='ltr'>quod</span> <span class='ocrx_word' id='word_1_464' title='bbox 1230 3396 1264 3436; x_wconf 82' lang='lat' dir='ltr'>eu</span> <span class='ocrx_word' id='word_1_465' title='bbox 1278 3382 1531 3453; x_wconf 67' lang='lat' dir='ltr'>antiquisumn‘tbus</span> <span class='ocrx_word' id='word_1_466' title='bbox 1540 3384 1665 3439; x_wconf 84' lang='lat' dir='ltr'>historiis</span> <span class='ocrx_word' id='word_1_467' title='bbox 1679 3383 1786 3452; x_wconf 77' lang='lat' dir='ltr'>perspi·</span> 
     </span>
     <span class='ocr_line' id='line_1_37' title="bbox 155 3448 1786 3525; baseline 0.003 -22"><span class='ocrx_word' id='word_1_468' title='bbox 155 3449 215 3525; x_wconf 67' lang='lat' dir='ltr'>dia,</span> <span class='ocrx_word' id='word_1_469' title='bbox 230 3458 312 3502; x_wconf 84' lang='lat' dir='ltr'>oestro</span> <span class='ocrx_word' id='word_1_470' title='bbox 323 3450 439 3520; x_wconf 84' lang='lat' dir='ltr'>proculo,</span> <span class='ocrx_word' id='word_1_471' title='bbox 451 3458 532 3501; x_wconf 72' lang='lat' dir='ltr'>vatin</span> <span class='ocrx_word' id='word_1_472' title='bbox 546 3448 669 3501; x_wconf 80' lang='lat' dir='ltr'>domnulo</span> <span class='ocrx_word' id='word_1_473' title='bbox 682 3463 691 3502; x_wconf 90' lang='lat'>:</span> <span class='ocrx_word' id='word_1_474' title='bbox 706 3464 764 3501; x_wconf 79' lang='lat' dir='ltr'>cora</span> <span class='ocrx_word' id='word_1_475' title='bbox 782 3465 834 3518; x_wconf 84' lang='lat' dir='ltr'>quo</span> <span class='ocrx_word' id='word_1_476' title='bbox 854 3449 894 3505; x_wconf 81' lang='lat' dir='ltr'>itis</span> <span class='ocrx_word' id='word_1_477' title='bbox 907 3463 944 3507; x_wconf 91' lang='lat' dir='ltr'>tot</span> <span class='ocrx_word' id='word_1_478' title='bbox 995 3467 1073 3509; x_wconf 85' lang='lat' dir='ltr'>ortutn</span> <span class='ocrx_word' id='word_1_479' title='bbox 1087 3462 1138 3507; x_wconf 89' lang='lat' dir='ltr'>est.</span> <span class='ocrx_word' id='word_1_480' title='bbox 1155 3452 1217 3520; x_wconf 82' lang='lat' dir='ltr'>idco</span> <span class='ocrx_word' id='word_1_481' title='bbox 1229 3467 1347 3509; x_wconf 90' lang='lat' dir='ltr'>canones</span> <span class='ocrx_word' id='word_1_482' title='bbox 1360 3455 1406 3523; x_wconf 78' lang='lat' dir='ltr'>qui</span> <span class='ocrx_word' id='word_1_483' title='bbox 1419 3453 1529 3521; x_wconf 75' lang='lat' dir='ltr'>ordines</span> <span class='ocrx_word' id='word_1_484' title='bbox 1539 3468 1630 3511; x_wconf 79' lang='lat' dir='ltr'>sacros</span> <span class='ocrx_word' id='word_1_485' title='bbox 1650 3453 1786 3509; x_wconf 82' lang='lat' dir='ltr'>archidia-</span> 
     </span>
     <span class='ocr_line' id='line_1_38' title="bbox 72 3517 1785 3593; baseline 0.004 -22"><span class='ocrx_word' id='word_1_486' title='bbox 72 3525 89 3588; x_wconf 63' lang='lat' dir='ltr'>&#39;j</span> <span class='ocrx_word' id='word_1_487' title='bbox 160 3517 883 3588; x_wconf 76' lang='lat' dir='ltr'>uocabulisquonlamindulgentissimopietatelunistt&#39;a.</span> <span class='ocrx_word' id='word_1_488' title='bbox 995 3520 1070 3578; x_wconf 85' lang='lat' dir='ltr'>conis</span> <span class='ocrx_word' id='word_1_489' title='bbox 1084 3522 1215 3591; x_wconf 90' lang='lat' dir='ltr'>indicunt,</span> <span class='ocrx_word' id='word_1_490' title='bbox 1228 3538 1280 3577; x_wconf 91' lang='lat' dir='ltr'>non</span> <span class='ocrx_word' id='word_1_491' title='bbox 1296 3523 1376 3587; x_wconf 89' lang='lat' dir='ltr'>alium</span> <span class='ocrx_word' id='word_1_492' title='bbox 1408 3538 1466 3578; x_wconf 87' lang='lat' dir='ltr'>num</span> <span class='ocrx_word' id='word_1_493' title='bbox 1483 3522 1785 3593; x_wconf 76' lang='lat' dir='ltr'>dipcotratumprarscri·</span> 
     </span>
     <span class='ocr_line' id='line_1_39' title="bbox 154 3587 1786 3669; baseline 0.003 -27"><span class='ocrx_word' id='word_1_494' title='bbox 154 3593 169 3632; x_wconf 87' lang='lat'>.·</span> <span class='ocrx_word' id='word_1_495' title='bbox 179 3587 211 3669; x_wconf 26' lang='grc' dir='ltr'>(ὓ</span> <span class='ocrx_word' id='word_1_496' title='bbox 221 3588 305 3642; x_wconf 70' lang='lat' dir='ltr'>letus</span> <span class='ocrx_word' id='word_1_497' title='bbox 316 3587 378 3642; x_wconf 82' lang='lat' dir='ltr'>liccl</span> <span class='ocrx_word' id='word_1_498' title='bbox 391 3591 444 3640; x_wconf 79' lang='lat' dir='ltr'>sim</span> <span class='ocrx_word' id='word_1_499' title='bbox 460 3603 517 3640; x_wconf 81' lang='lat' dir='ltr'>nrm</span> <span class='ocrx_word' id='word_1_500' title='bbox 532 3599 588 3641; x_wconf 78' lang='lat' dir='ltr'>crat</span> <span class='ocrx_word' id='word_1_501' title='bbox 599 3589 624 3641; x_wconf 93' lang='lat' dir='ltr'>in</span> <span class='ocrx_word' id='word_1_502' title='bbox 635 3588 767 3656; x_wconf 85' lang='lat' dir='ltr'>episcopis</span> <span class='ocrx_word' id='word_1_503' title='bbox 780 3591 946 3647; x_wconf 76' lang='lat' dir='ltr'>coristitnen-</span> <span class='ocrx_word' id='word_1_504' title='bbox 995 3596 1072 3647; x_wconf 90' lang='lat' dir='ltr'>bunt.</span> <span class='ocrx_word' id='word_1_505' title='bbox 1086 3592 1365 3663; x_wconf 77' lang='lat' dir='ltr'>Synndns&#39;hrvernicai</span> <span class='ocrx_word' id='word_1_506' title='bbox 1418 3592 1521 3657; x_wconf 85' lang='lat' dir='ltr'>ba&#39;nill,</span> <span class='ocrx_word' id='word_1_507' title='bbox 1536 3608 1596 3648; x_wconf 88' lang='lat' dir='ltr'>carr.</span> <span class='ocrx_word' id='word_1_508' title='bbox 1617 3593 1635 3649; x_wconf 75' lang='grc'><strong>3</strong></span> <span class='ocrx_word' id='word_1_509' title='bbox 1650 3611 1657 3648; x_wconf 80' lang='lat' dir='ltr'>r</span> <span class='ocrx_word' id='word_1_510' title='bbox 1672 3592 1706 3650; x_wconf 88' lang='lat' dir='ltr'>lit</span> <span class='ocrx_word' id='word_1_511' title='bbox 1725 3592 1786 3646; x_wconf 79' lang='lat' dir='ltr'>nut-</span> 
     </span>
     <span class='ocr_line' id='line_1_40' title="bbox 160 3657 1786 3734; baseline 0.002 -22"><span class='ocrx_word' id='word_1_512' title='bbox 160 3657 342 3726; x_wconf 70' lang='lat' dir='ltr'>bsntqnnm</span> <span class='ocrx_word' id='word_1_513' title='bbox 369 3663 455 3711; x_wconf 63' lang='lat' dir='ltr'>clerus</span> <span class='ocrx_word' id='word_1_514' title='bbox 482 3657 608 3711; x_wconf 77' lang='lat' dir='ltr'>Ecclesiae</span> <span class='ocrx_word' id='word_1_515' title='bbox 633 3665 660 3712; x_wconf 91' lang='lat' dir='ltr'>et</span> <span class='ocrx_word' id='word_1_516' title='bbox 686 3660 824 3728; x_wconf 81' lang='lat' dir='ltr'>utriusque</span> <span class='ocrx_word' id='word_1_517' title='bbox 842 3662 945 3716; x_wconf 90' lang='lat' dir='ltr'>ordinis</span> <span class='ocrx_word' id='word_1_518' title='bbox 996 3663 1036 3717; x_wconf 85' lang='lat' dir='ltr'>itta</span> <span class='ocrx_word' id='word_1_519' title='bbox 1059 3663 1105 3729; x_wconf 81' lang='lat' dir='ltr'>piot</span> <span class='ocrx_word' id='word_1_520' title='bbox 1129 3664 1241 3716; x_wconf 84' lang='lat' dir='ltr'>decanus</span> <span class='ocrx_word' id='word_1_521' title='bbox 1263 3665 1291 3716; x_wconf 88' lang='lat' dir='ltr'>in</span> <span class='ocrx_word' id='word_1_522' title='bbox 1317 3664 1421 3718; x_wconf 86' lang='lat' dir='ltr'>eccleaiu</span> <span class='ocrx_word' id='word_1_523' title='bbox 1450 3665 1498 3717; x_wconf 86' lang='lat' dir='ltr'>nisi</span> <span class='ocrx_word' id='word_1_524' title='bbox 1525 3663 1671 3734; x_wconf 77' lang='lat' dir='ltr'>presbyter,</span> <span class='ocrx_word' id='word_1_525' title='bbox 1697 3663 1786 3717; x_wconf 84' lang='lat' dir='ltr'>nuilus</span> 
     </span>
     <span class='ocr_line' id='line_1_41' title="bbox 160 3727 1785 3807; baseline 0.004 -27"><span class='ocrx_word' id='word_1_526' title='bbox 160 3731 273 3798; x_wconf 89' lang='lat' dir='ltr'>populus</span> <span class='ocrx_word' id='word_1_527' title='bbox 288 3727 439 3796; x_wconf 85' lang='lat' dir='ltr'>delegisset,</span> <span class='ocrx_word' id='word_1_528' title='bbox 449 3731 518 3783; x_wconf 87' lang='lat' dir='ltr'>trunc</span> <span class='ocrx_word' id='word_1_529' title='bbox 533 3729 583 3781; x_wconf 86' lang='lat' dir='ltr'>sthi</span> <span class='ocrx_word' id='word_1_530' title='bbox 597 3728 759 3797; x_wconf 80' lang='lat' dir='ltr'>collegisque</span> <span class='ocrx_word' id='word_1_531' title='bbox 776 3732 944 3796; x_wconf 79' lang='lat' dir='ltr'>provinciali·</span> <span class='ocrx_word' id='word_1_532' title='bbox 995 3733 1190 3787; x_wconf 80' lang='lat' dir='ltr'>orcttctnconan</span> <span class='ocrx_word' id='word_1_533' title='bbox 1207 3733 1257 3785; x_wconf 84' lang='lat' dir='ltr'>nisi</span> <span class='ocrx_word' id='word_1_534' title='bbox 1285 3734 1371 3790; x_wconf 82' lang='lat' dir='ltr'>lenita.</span> <span class='ocrx_word' id='word_1_535' title='bbox 1397 3734 1497 3788; x_wconf 80' lang='lat' dir='ltr'>Laxata</span> <span class='ocrx_word' id='word_1_536' title='bbox 1519 3732 1616 3788; x_wconf 86' lang='lat' dir='ltr'>exinde</span> <span class='ocrx_word' id='word_1_537' title='bbox 1643 3733 1785 3807; x_wconf 89' lang='lat' dir='ltr'>disciplina</span> 
     </span>
     <span class='ocr_line' id='line_1_42' title="bbox 154 3797 1786 3875; baseline 0.004 -24"><span class='ocrx_word' id='word_1_538' title='bbox 154 3797 268 3867; x_wconf 69' lang='lat' dir='ltr'>buruni</span> <span class='ocrx_word' id='word_1_539' title='bbox 281 3808 471 3863; x_wconf 83' lang='lat' dir='ltr'>convenerant,</span> <span class='ocrx_word' id='word_1_540' title='bbox 495 3798 633 3864; x_wconf 87' lang='lat' dir='ltr'>probatum</span> <span class='ocrx_word' id='word_1_541' title='bbox 655 3801 945 3870; x_wconf 86' lang='lat' dir='ltr'>metropolitarruscpi-</span> <span class='ocrx_word' id='word_1_542' title='bbox 996 3816 1059 3857; x_wconf 90' lang='lat' dir='ltr'>usns</span> <span class='ocrx_word' id='word_1_543' title='bbox 1071 3804 1187 3858; x_wconf 91' lang='lat' dir='ltr'>obtinuit</span> <span class='ocrx_word' id='word_1_544' title='bbox 1207 3812 1237 3857; x_wconf 93' lang='lat' dir='ltr'>ut</span> <span class='ocrx_word' id='word_1_545' title='bbox 1257 3802 1488 3858; x_wconf 87' lang='lat' dir='ltr'>archidiaconatus</span> <span class='ocrx_word' id='word_1_546' title='bbox 1511 3800 1592 3860; x_wconf 86' lang='lat' dir='ltr'>etia&#39;m</span> <span class='ocrx_word' id='word_1_547' title='bbox 1619 3803 1786 3875; x_wconf 79' lang='lat' dir='ltr'>presbyteria</span> 
     </span>
     <span class='ocr_line' id='line_1_43' title="bbox 154 3868 1153 3937; baseline 0.008 -16"><span class='ocrx_word' id='word_1_548' title='bbox 154 3880 270 3935; x_wconf 53' lang='lat' dir='ltr'>&amp;opum</span> <span class='ocrx_word' id='word_1_549' title='bbox 285 3869 456 3923; x_wconf 86' lang='lat' dir='ltr'>renuntiaret.</span> <span class='ocrx_word' id='word_1_550' title='bbox 474 3869 528 3922; x_wconf 83' lang='lat' dir='ltr'>beo</span> <span class='ocrx_word' id='word_1_551' title='bbox 542 3868 675 3937; x_wconf 87' lang='lat' dir='ltr'>episcopis</span> <span class='ocrx_word' id='word_1_552' title='bbox 686 3868 780 3924; x_wconf 76' lang='lat' dir='ltr'>Gallius</span> <span class='ocrx_word' id='word_1_553' title='bbox 789 3869 823 3926; x_wconf 87' lang='lat' dir='ltr'>de</span> <span class='ocrx_word' id='word_1_554' title='bbox 835 3871 945 3927; x_wconf 83' lang='lat' dir='ltr'>electro·</span> <span class='ocrx_word' id='word_1_555' title='bbox 995 3872 1153 3930; x_wconf 74' lang='lat' dir='ltr'>deferretur.</span> 
     </span>
    </p>

    <p class='ocr_par' dir='ltr' id='par_1_6' title="bbox 155 3936 1788 4082">
     <span class='ocr_line' id='line_1_44' title="bbox 155 3936 1782 4020; baseline 0.004 -26"><span class='ocrx_word' id='word_1_556' title='bbox 155 3952 196 3999; x_wconf 68' lang='lat' dir='ltr'>rte</span> <span class='ocrx_word' id='word_1_557' title='bbox 209 3936 354 3993; x_wconf 65' lang='lat' dir='ltr'>&amp;tentalis</span> <span class='ocrx_word' id='word_1_558' title='bbox 368 3938 442 4004; x_wconf 86' lang='lat' dir='ltr'>Quod</span> <span class='ocrx_word' id='word_1_559' title='bbox 452 3954 522 4018; x_wconf 76' lang='lat' dir='ltr'>ergo,</span> <span class='ocrx_word' id='word_1_560' title='bbox 536 3938 628 4020; x_wconf 69' lang='lat' dir='ltr'>inquit.</span> <span class='ocrx_word' id='word_1_561' title='bbox 638 3942 665 3992; x_wconf 84' lang='lat' dir='ltr'>in</span> <span class='ocrx_word' id='word_1_562' title='bbox 680 3940 822 3995; x_wconf 67' lang='lat' dir='ltr'>demutensi</span> <span class='ocrx_word' id='word_1_563' title='bbox 832 3944 942 4008; x_wconf 82' lang='lat' dir='ltr'>sinitote,</span> <span class='ocrx_word' id='word_1_564' title='bbox 1030 3940 1124 4010; x_wconf 60' lang='lat' dir='ltr'>“Quae</span> <span class='ocrx_word' id='word_1_565' title='bbox 1145 3945 1172 3997; x_wconf 92' lang='lat' dir='ltr'>in</span> <span class='ocrx_word' id='word_1_566' title='bbox 1195 3943 1365 4000; x_wconf 72' lang='lat' dir='ltr'>inponente</span> <span class='ocrx_word' id='word_1_567' title='bbox 1389 3942 1493 3999; x_wconf 88' lang='lat' dir='ltr'>crebra.</span> <span class='ocrx_word' id='word_1_568' title='bbox 1515 3942 1659 4013; x_wconf 85' lang='lat' dir='ltr'>Gregorius</span> <span class='ocrx_word' id='word_1_569' title='bbox 1679 3945 1782 4000; x_wconf 72' lang='lat' dir='ltr'>Tuon.</span> 
     </span>
     <span class='ocr_line' id='line_1_45' title="bbox 157 4005 1788 4082; baseline 0.003 -17"><span class='ocrx_word' id='word_1_570' title='bbox 157 4007 372 4076; x_wconf 55' lang='lat' dir='ltr'>&amp;iunctobautae</span> <span class='ocrx_word' id='word_1_571' title='bbox 384 4024 512 4063; x_wconf 80' lang='lat' dir='ltr'>ntemoratc</span> <span class='ocrx_word' id='word_1_572' title='bbox 530 4005 650 4073; x_wconf 69' lang='lat' dir='ltr'>Halano,</span> <span class='ocrx_word' id='word_1_573' title='bbox 676 4010 757 4064; x_wconf 73' lang='lat' dir='ltr'>stiram</span> <span class='ocrx_word' id='word_1_574' title='bbox 776 4014 853 4065; x_wconf 78' lang='lat' dir='ltr'>etium</span> <span class='ocrx_word' id='word_1_575' title='bbox 874 4015 945 4068; x_wconf 86' lang='lat' dir='ltr'>nebia</span> <span class='ocrx_word' id='word_1_576' title='bbox 995 4014 1022 4069; x_wconf 88' lang='lat' dir='ltr'>iu</span> <span class='ocrx_word' id='word_1_577' title='bbox 1041 4011 1103 4068; x_wconf 76' lang='lat' dir='ltr'>Vita</span> <span class='ocrx_word' id='word_1_578' title='bbox 1124 4013 1245 4082; x_wconf 84' lang='lat' dir='ltr'>aniciui</span> <span class='ocrx_word' id='word_1_579' title='bbox 1269 4022 1297 4069; x_wconf 89' lang='lat' dir='ltr'>et</span> <span class='ocrx_word' id='word_1_580' title='bbox 1318 4012 1430 4070; x_wconf 63' lang='lat' dir='ltr'>Moruni</span> <span class='ocrx_word' id='word_1_581' title='bbox 1456 4012 1533 4068; x_wconf 85' lang='lat' dir='ltr'>:lttn</span> <span class='ocrx_word' id='word_1_582' title='bbox 1554 4013 1671 4068; x_wconf 69' lang='lat' dir='ltr'>luimus</span> <span class='ocrx_word' id='word_1_583' title='bbox 1692 4017 1788 4070; x_wconf 69' lang='lat' dir='ltr'>ducti</span> 
     </span>
    </p>
   </div>
   <div class='ocr_carea' id='block_1_6' title="bbox 64 4078 1789 4156">
    <p class='ocr_par' dir='ltr' id='par_1_7' title="bbox 64 4078 1789 4156">
     <span class='ocr_line' id='line_1_46' title="bbox 64 4078 1789 4156; baseline 0.006 -25"><span class='ocrx_word' id='word_1_584' title='bbox 64 4132 66 4136; x_wconf 66' lang='grc'><strong>,</strong></span> <span class='ocrx_word' id='word_1_585' title='bbox 156 4078 305 4147; x_wconf 63' lang='lat' dir='ltr'>promum,</span> <span class='ocrx_word' id='word_1_586' title='bbox 325 4078 432 4148; x_wconf 62' lang='lat' dir='ltr'>[runem</span> <span class='ocrx_word' id='word_1_587' title='bbox 455 4078 634 4138; x_wconf 78' lang='lat' dir='ltr'>Rutennt&#39;ntrt.</span> <span class='ocrx_word' id='word_1_588' title='bbox 658 4082 795 4134; x_wconf 78' lang='lat' dir='ltr'>secundant</span> <span class='ocrx_word' id='word_1_589' title='bbox 819 4084 945 4136; x_wconf 80' lang='lat' dir='ltr'>desiderio</span> <span class='ocrx_word' id='word_1_590' title='bbox 996 4092 1102 4147; x_wconf 70' lang='lat' dir='ltr'>sanata,</span> <span class='ocrx_word' id='word_1_591' title='bbox 1118 4100 1174 4154; x_wconf 81' lang='lat' dir='ltr'>quse</span> <span class='ocrx_word' id='word_1_592' title='bbox 1193 4087 1259 4139; x_wconf 84' lang='lat' dir='ltr'>inter</span> <span class='ocrx_word' id='word_1_593' title='bbox 1283 4082 1461 4155; x_wconf 80' lang='lat' dir='ltr'>Burgnndiant</span> <span class='ocrx_word' id='word_1_594' title='bbox 1485 4083 1716 4156; x_wconf 78' lang='lat' dir='ltr'>diomunrtiutrtqoe</span> <span class='ocrx_word' id='word_1_595' title='bbox 1736 4087 1789 4141; x_wconf 80' lang='lat' dir='ltr'>sita</span> 
     </span>
    </p>
   </div>
   <div class='ocr_carea' id='block_1_7' title="bbox 156 4145 1793 5055">
    <p class='ocr_par' dir='ltr' id='par_1_8' title="bbox 156 4145 1789 4568">
     <span class='ocr_line' id='line_1_47' title="bbox 157 4145 1789 4228; baseline 0.007 -29"><span class='ocrx_word' id='word_1_596' title='bbox 157 4145 232 4214; x_wconf 69' lang='lat' dir='ltr'>alni,</span> <span class='ocrx_word' id='word_1_597' title='bbox 250 4146 431 4228; x_wconf 82' lang='lat' dir='ltr'>honoratorum</span> <span class='ocrx_word' id='word_1_598' title='bbox 447 4156 470 4200; x_wconf 89' lang='lat' dir='ltr'>et</span> <span class='ocrx_word' id='word_1_599' title='bbox 486 4149 565 4218; x_wconf 85' lang='lat' dir='ltr'>plebia</span> <span class='ocrx_word' id='word_1_600' title='bbox 585 4149 738 4203; x_wconf 81' lang='lat' dir='ltr'>ununitnaler</span> <span class='ocrx_word' id='word_1_601' title='bbox 756 4153 943 4218; x_wconf 84' lang='lat' dir='ltr'>consecrastis,</span> <span class='ocrx_word' id='word_1_602' title='bbox 996 4154 1122 4208; x_wconf 70' lang='lat' dir='ltr'>Armisa</span> <span class='ocrx_word' id='word_1_603' title='bbox 1145 4157 1265 4227; x_wconf 79' lang='lat' dir='ltr'>adjecerat</span> <span class='ocrx_word' id='word_1_604' title='bbox 1288 4156 1394 4208; x_wconf 81' lang='lat' dir='ltr'>ciuitati.</span> <span class='ocrx_word' id='word_1_605' title='bbox 1422 4153 1522 4208; x_wconf 85' lang='lat' dir='ltr'>Horum</span> <span class='ocrx_word' id='word_1_606' title='bbox 1550 4154 1628 4210; x_wconf 83' lang='lat' dir='ltr'>tacite</span> <span class='ocrx_word' id='word_1_607' title='bbox 1661 4156 1789 4225; x_wconf 82' lang='lat' dir='ltr'>princeps</span> 
     </span>
     <span class='ocr_line' id='line_1_48' title="bbox 156 4217 1789 4294; baseline 0.006 -22"><span class='ocrx_word' id='word_1_608' title='bbox 156 4217 255 4275; x_wconf 67' lang='lat' dir='ltr'>donam</span> <span class='ocrx_word' id='word_1_609' title='bbox 267 4217 435 4284; x_wconf 71' lang='lat' dir='ltr'>sruurmtutra</span> <span class='ocrx_word' id='word_1_610' title='bbox 448 4229 537 4273; x_wconf 74' lang='lat' dir='ltr'>uestro</span> <span class='ocrx_word' id='word_1_611' title='bbox 549 4234 614 4285; x_wconf 86' lang='lat' dir='ltr'>opus</span> <span class='ocrx_word' id='word_1_612' title='bbox 629 4228 715 4272; x_wconf 81' lang='lat' dir='ltr'>nostro</span> <span class='ocrx_word' id='word_1_613' title='bbox 722 4220 822 4288; x_wconf 82' lang='lat' dir='ltr'>jndicio</span> <span class='ocrx_word' id='word_1_614' title='bbox 837 4222 944 4276; x_wconf 85' lang='lat' dir='ltr'>roboro·</span> <span class='ocrx_word' id='word_1_615' title='bbox 996 4226 1188 4279; x_wconf 86' lang='lat' dir='ltr'>monasterium</span> <span class='ocrx_word' id='word_1_616' title='bbox 1203 4225 1232 4279; x_wconf 86' lang='lat' dir='ltr'>S.</span> <span class='ocrx_word' id='word_1_617' title='bbox 1256 4224 1390 4294; x_wconf 82' lang='lat' dir='ltr'>Erigeudi,</span> <span class='ocrx_word' id='word_1_618' title='bbox 1415 4223 1485 4294; x_wconf 85' lang='lat' dir='ltr'>quod</span> <span class='ocrx_word' id='word_1_619' title='bbox 1508 4222 1537 4279; x_wconf 85' lang='lat' dir='ltr'>S.</span> <span class='ocrx_word' id='word_1_620' title='bbox 1561 4223 1666 4280; x_wconf 84' lang='lat' dir='ltr'>Claudii</span> <span class='ocrx_word' id='word_1_621' title='bbox 1692 4234 1789 4290; x_wconf 80' lang='lat' dir='ltr'>postea</span> 
     </span>
     <span class='ocr_line' id='line_1_49' title="bbox 156 4286 1789 4383; baseline 0.004 -38"><span class='ocrx_word' id='word_1_622' title='bbox 156 4302 228 4345; x_wconf 61' lang='grc' dir='ltr'>Νι.</span> <span class='ocrx_word' id='word_1_623' title='bbox 241 4286 313 4343; x_wconf 74' lang='lat' dir='ltr'>men</span> <span class='ocrx_word' id='word_1_624' title='bbox 328 4287 362 4365; x_wconf 80' lang='lat' dir='ltr'>ad</span> <span class='ocrx_word' id='word_1_625' title='bbox 373 4288 514 4366; x_wconf 80' lang='lat' dir='ltr'>episcopos</span> <span class='ocrx_word' id='word_1_626' title='bbox 532 4286 689 4370; x_wconf 72' lang='lat' dir='ltr'>Viennensis</span> <span class='ocrx_word' id='word_1_627' title='bbox 710 4289 854 4355; x_wconf 78' lang='lat' dir='ltr'>provinciae</span> <span class='ocrx_word' id='word_1_628' title='bbox 870 4309 876 4344; x_wconf 91' lang='lat'>:</span> <span class='ocrx_word' id='word_1_629' title='bbox 893 4288 945 4346; x_wconf 85' lang='lat' dir='ltr'>Per</span> <span class='ocrx_word' id='word_1_630' title='bbox 957 4323 984 4383; x_wconf 73' lang='lat' dir='ltr'>D</span> <span class='ocrx_word' id='word_1_631' title='bbox 997 4303 1185 4363; x_wconf 84' lang='lat' dir='ltr'>nunonpntttm.</span> <span class='ocrx_word' id='word_1_632' title='bbox 1201 4295 1236 4350; x_wconf 85' lang='lat' dir='ltr'>tn</span> <span class='ocrx_word' id='word_1_633' title='bbox 1250 4304 1338 4349; x_wconf 87' lang='lat' dir='ltr'>autem</span> <span class='ocrx_word' id='word_1_634' title='bbox 1352 4295 1410 4348; x_wconf 77' lang='lat' dir='ltr'>bac</span> <span class='ocrx_word' id='word_1_635' title='bbox 1432 4293 1571 4357; x_wconf 78' lang='lat' dir='ltr'>lucessit,</span> <span class='ocrx_word' id='word_1_636' title='bbox 1595 4298 1636 4350; x_wconf 93' lang='lat' dir='ltr'>sic</span> <span class='ocrx_word' id='word_1_637' title='bbox 1656 4296 1789 4352; x_wconf 80' lang='lat' dir='ltr'>lucenses</span> 
     </span>
     <span class='ocr_line' id='line_1_50' title="bbox 158 4356 1788 4488; baseline 0.006 -76"><span class='ocrx_word' id='word_1_638' title='bbox 158 4370 250 4426; x_wconf 63' lang='grc' dir='ltr'><em>Μ</em></span> <span class='ocrx_word' id='word_1_639' title='bbox 263 4364 287 4413; x_wconf 76' lang='lat' dir='ltr'>tt</span> <span class='ocrx_word' id='word_1_640' title='bbox 299 4363 461 4436; x_wconf 70' lang='lat' dir='ltr'>percursant</span> <span class='ocrx_word' id='word_1_641' title='bbox 475 4356 680 4435; x_wconf 65' lang='lat' dir='ltr'>profuturarum</span> <span class='ocrx_word' id='word_1_642' title='bbox 699 4359 870 4423; x_wconf 80' lang='lat' dir='ltr'>postulentur.</span> <span class='ocrx_word' id='word_1_643' title='bbox 881 4359 942 4443; x_wconf 29' lang='lat' dir='ltr'>‘Te-</span> <span class='ocrx_word' id='word_1_644' title='bbox 997 4361 1052 4488; x_wconf 42' lang='grc' dir='ltr'>ἢ</span> <span class='ocrx_word' id='word_1_645' title='bbox 1072 4378 1149 4433; x_wconf 88' lang='lat' dir='ltr'>reges</span> <span class='ocrx_word' id='word_1_646' title='bbox 1172 4365 1322 4419; x_wconf 84' lang='lat' dir='ltr'>Fiodoardo</span> <span class='ocrx_word' id='word_1_647' title='bbox 1340 4364 1367 4417; x_wconf 90' lang='lat' dir='ltr'>in</span> <span class='ocrx_word' id='word_1_648' title='bbox 1386 4362 1518 4418; x_wconf 87' lang='lat' dir='ltr'>Chronico</span> <span class='ocrx_word' id='word_1_649' title='bbox 1538 4363 1603 4418; x_wconf 80' lang='lat' dir='ltr'>dicti</span> <span class='ocrx_word' id='word_1_650' title='bbox 1626 4364 1788 4433; x_wconf 81' lang='lat' dir='ltr'>liudulphus</span> 
     </span>
     <span class='ocr_line' id='line_1_51' title="bbox 161 4425 1786 4508; baseline 0.009 -31"><span class='ocrx_word' id='word_1_651' title='bbox 161 4434 250 4508; x_wconf 71' lang='lat' dir='ltr'>noctu</span> <span class='ocrx_word' id='word_1_652' title='bbox 266 4426 417 4504; x_wconf 63' lang='lat' dir='ltr'>aubsmrptto</span> <span class='ocrx_word' id='word_1_653' title='bbox 438 4425 601 4487; x_wconf 66' lang='lat' dir='ltr'>clauorum,</span> <span class='ocrx_word' id='word_1_654' title='bbox 625 4425 809 4481; x_wconf 81' lang='lat' dir='ltr'>bonoratorum</span> <span class='ocrx_word' id='word_1_655' title='bbox 830 4438 942 4485; x_wconf 78' lang='lat' dir='ltr'>testimu-</span> <span class='ocrx_word' id='word_1_656' title='bbox 996 4446 1022 4489; x_wconf 92' lang='lat' dir='ltr'>et</span> <span class='ocrx_word' id='word_1_657' title='bbox 1053 4434 1235 4504; x_wconf 84' lang='lat' dir='ltr'>onradus,tpti</span> <span class='ocrx_word' id='word_1_658' title='bbox 1260 4435 1288 4490; x_wconf 94' lang='lat' dir='ltr'>in</span> <span class='ocrx_word' id='word_1_659' title='bbox 1309 4434 1355 4489; x_wconf 87' lang='lat' dir='ltr'>illu</span> <span class='ocrx_word' id='word_1_660' title='bbox 1373 4433 1534 4504; x_wconf 85' lang='lat' dir='ltr'>Bttrgundite</span> <span class='ocrx_word' id='word_1_661' title='bbox 1560 4442 1645 4490; x_wconf 85' lang='lat' dir='ltr'>tractu</span> <span class='ocrx_word' id='word_1_662' title='bbox 1663 4436 1786 4507; x_wconf 85' lang='lat' dir='ltr'>impera·</span> 
     </span>
     <span class='ocr_line' id='line_1_52' title="bbox 160 4486 1070 4568; baseline 0.012 -20"><span class='ocrx_word' id='word_1_663' title='bbox 160 4508 242 4557; x_wconf 68' lang='lat' dir='ltr'>must,</span> <span class='ocrx_word' id='word_1_664' title='bbox 257 4493 499 4553; x_wconf 70' lang='lat' dir='ltr'>ardentcontertant</span> <span class='ocrx_word' id='word_1_665' title='bbox 512 4503 534 4546; x_wconf 88' lang='lat' dir='ltr'>et</span> <span class='ocrx_word' id='word_1_666' title='bbox 568 4486 652 4551; x_wconf 78' lang='lat' dir='ltr'>lehis:</span> <span class='ocrx_word' id='word_1_667' title='bbox 689 4497 716 4551; x_wconf 74' lang='grc' dir='ltr'>ιιι·</span> <span class='ocrx_word' id='word_1_668' title='bbox 736 4501 890 4568; x_wconf 65' lang='lat' dir='ltr'>prelaturas</span> <span class='ocrx_word' id='word_1_669' title='bbox 905 4508 943 4556; x_wconf 86' lang='lat' dir='ltr'>eat</span> <span class='ocrx_word' id='word_1_670' title='bbox 996 4504 1070 4558; x_wconf 85' lang='lat' dir='ltr'>baut.</span> 
     </span>
    </p>

    <p class='ocr_par' dir='ltr' id='par_1_9' title="bbox 159 4510 1793 5055">
     <span class='ocr_line' id='line_1_53' title="bbox 161 4510 1788 4654; baseline 0.01 -41"><span class='ocrx_word' id='word_1_671' title='bbox 161 4563 288 4645; x_wconf 57' lang='lat' dir='ltr'>ottttfiitttt.</span> <span class='ocrx_word' id='word_1_672' title='bbox 317 4563 348 4615; x_wconf 83' lang='lat' dir='ltr'>ub</span> <span class='ocrx_word' id='word_1_673' title='bbox 371 4563 487 4621; x_wconf 73' lang='lat' dir='ltr'>omatibus</span> <span class='ocrx_word' id='word_1_674' title='bbox 512 4510 646 4637; x_wconf 58' lang='lat' dir='ltr'>defigatur.</span> <span class='ocrx_word' id='word_1_675' title='bbox 667 4515 855 4654; x_wconf 58' lang='lat' dir='ltr'>gttnterterant</span> <span class='ocrx_word' id='word_1_676' title='bbox 878 4586 943 4654; x_wconf 76' lang='lat' dir='ltr'>crgo</span> <span class='ocrx_word' id='word_1_677' title='bbox 1032 4573 1198 4643; x_wconf 67' lang='lat' dir='ltr'>‘bugduuu</span> <span class='ocrx_word' id='word_1_678' title='bbox 1213 4573 1289 4642; x_wconf 77' lang='lat' dir='ltr'>cuius</span> <span class='ocrx_word' id='word_1_679' title='bbox 1303 4582 1383 4642; x_wconf 85' lang='lat' dir='ltr'>caput</span> <span class='ocrx_word' id='word_1_680' title='bbox 1396 4572 1521 4638; x_wconf 84' lang='lat' dir='ltr'>Patiens,</span> <span class='ocrx_word' id='word_1_681' title='bbox 1538 4572 1601 4643; x_wconf 80' lang='lat' dir='ltr'>quia</span> <span class='ocrx_word' id='word_1_682' title='bbox 1621 4573 1788 4644; x_wconf 58' lang='lat' dir='ltr'>emscspuu</span> 
     </span>
     <span class='ocr_line' id='line_1_54' title="bbox 161 4629 1790 4720; baseline 0.01 -35"><span class='ocrx_word' id='word_1_683' title='bbox 161 4629 269 4693; x_wconf 76' lang='lat' dir='ltr'>earnm</span> <span class='ocrx_word' id='word_1_684' title='bbox 297 4634 519 4700; x_wconf 80' lang='lat' dir='ltr'>tnetropnlltantts</span> <span class='ocrx_word' id='word_1_685' title='bbox 545 4633 749 4718; x_wconf 65' lang='lat' dir='ltr'>bugdnnsusm,</span> <span class='ocrx_word' id='word_1_686' title='bbox 774 4637 943 4720; x_wconf 77' lang='lat' dir='ltr'>hupbconnrs</span> <span class='ocrx_word' id='word_1_687' title='bbox 997 4645 1289 4709; x_wconf 65' lang='lat' dir='ltr'>pessinuntensium</span> <span class='ocrx_word' id='word_1_688' title='bbox 1305 4643 1368 4712; x_wconf 78' lang='lat' dir='ltr'>quia</span> <span class='ocrx_word' id='word_1_689' title='bbox 1387 4642 1544 4712; x_wconf 73' lang='lat' dir='ltr'>Lugdunum</span> <span class='ocrx_word' id='word_1_690' title='bbox 1570 4643 1730 4711; x_wconf 85' lang='lat' dir='ltr'>metropolis</span> <span class='ocrx_word' id='word_1_691' title='bbox 1744 4655 1790 4701; x_wconf 81' lang='lat' dir='ltr'>est</span> 
     </span>
     <span class='ocr_line' id='line_1_55' title="bbox 160 4703 1791 4788; baseline 0.007 -32"><span class='ocrx_word' id='word_1_692' title='bbox 160 4703 301 4784; x_wconf 68' lang='lat' dir='ltr'>epucoprrs</span> <span class='ocrx_word' id='word_1_693' title='bbox 328 4706 583 4788; x_wconf 72' lang='lat' dir='ltr'>hugrastudttneusts,</span> <span class='ocrx_word' id='word_1_694' title='bbox 606 4708 705 4773; x_wconf 74' lang='lat' dir='ltr'>alumne</span> <span class='ocrx_word' id='word_1_695' title='bbox 722 4712 898 4774; x_wconf 82' lang='lat' dir='ltr'>prouinciales</span> <span class='ocrx_word' id='word_1_696' title='bbox 914 4719 944 4766; x_wconf 92' lang='lat' dir='ltr'>ut</span> <span class='ocrx_word' id='word_1_697' title='bbox 998 4714 1439 4784; x_wconf 78' lang='lat' dir='ltr'>pmtincias,idemqnonuecaput</span> <span class='ocrx_word' id='word_1_698' title='bbox 1451 4712 1791 4782; x_wconf 76' lang='lat' dir='ltr'>nunspcontnctaeprtna</span> 
     </span>
     <span class='ocr_line' id='line_1_56' title="bbox 159 4779 1791 4859; baseline 0.007 -32"><span class='ocrx_word' id='word_1_699' title='bbox 159 4779 214 4854; x_wconf 79' lang='lat' dir='ltr'>rate</span> <span class='ocrx_word' id='word_1_700' title='bbox 226 4787 261 4829; x_wconf 85' lang='lat' dir='ltr'>ex</span> <span class='ocrx_word' id='word_1_701' title='bbox 274 4787 350 4854; x_wconf 71' lang='lat' dir='ltr'>muca</span> <span class='ocrx_word' id='word_1_702' title='bbox 361 4783 480 4856; x_wconf 73' lang='lat' dir='ltr'>agerent.</span> <span class='ocrx_word' id='word_1_703' title='bbox 491 4781 543 4856; x_wconf 65' lang='lat' dir='ltr'>Qut</span> <span class='ocrx_word' id='word_1_704' title='bbox 556 4789 619 4834; x_wconf 86' lang='lat' dir='ltr'>cnm</span> <span class='ocrx_word' id='word_1_705' title='bbox 640 4779 745 4859; x_wconf 83' lang='lat' dir='ltr'>diversa</span> <span class='ocrx_word' id='word_1_706' title='bbox 766 4781 836 4835; x_wconf 90' lang='lat' dir='ltr'>nacti</span> <span class='ocrx_word' id='word_1_707' title='bbox 853 4792 945 4838; x_wconf 87' lang='lat' dir='ltr'>essent</span> <span class='ocrx_word' id='word_1_708' title='bbox 957 4794 963 4804; x_wconf 87' lang='grc'><em>·</em></span> <span class='ocrx_word' id='word_1_709' title='bbox 998 4783 1192 4853; x_wconf 80' lang='lat' dir='ltr'>Lugdunensis.</span> <span class='ocrx_word' id='word_1_710' title='bbox 1207 4783 1362 4855; x_wconf 74' lang='lat' dir='ltr'>Lugdunum</span> <span class='ocrx_word' id='word_1_711' title='bbox 1378 4798 1458 4855; x_wconf 88' lang='lat' dir='ltr'>porro</span> <span class='ocrx_word' id='word_1_712' title='bbox 1473 4782 1568 4837; x_wconf 82' lang='lat' dir='ltr'>ciuitas</span> <span class='ocrx_word' id='word_1_713' title='bbox 1586 4792 1612 4839; x_wconf 94' lang='lat' dir='ltr'>et</span> <span class='ocrx_word' id='word_1_714' title='bbox 1636 4786 1728 4853; x_wconf 82' lang='lat' dir='ltr'>patria</span> <span class='ocrx_word' id='word_1_715' title='bbox 1750 4785 1791 4839; x_wconf 75' lang='lat' dir='ltr'>Si·</span> 
     </span>
     <span class='ocr_line' id='line_1_57' title="bbox 160 4841 1788 4929; baseline 0.001 -22"><span class='ocrx_word' id='word_1_716' title='bbox 160 4841 259 4907; x_wconf 60' lang='lat' dir='ltr'>mutum</span> <span class='ocrx_word' id='word_1_717' title='bbox 273 4843 372 4909; x_wconf 62' lang='lat' dir='ltr'>liudis.</span> <span class='ocrx_word' id='word_1_718' title='bbox 396 4858 446 4912; x_wconf 67' lang='lat' dir='ltr'>titt!</span> <span class='ocrx_word' id='word_1_719' title='bbox 464 4859 617 4926; x_wconf 73' lang='lat' dir='ltr'>eptwotttttn</span> <span class='ocrx_word' id='word_1_720' title='bbox 638 4859 709 4929; x_wconf 73' lang='lat' dir='ltr'>tutet</span> <span class='ocrx_word' id='word_1_721' title='bbox 725 4864 755 4903; x_wconf 87' lang='lat' dir='ltr'>se</span> <span class='ocrx_word' id='word_1_722' title='bbox 772 4848 929 4920; x_wconf 87' lang='lat' dir='ltr'>delegerunt</span> <span class='ocrx_word' id='word_1_723' title='bbox 998 4853 1071 4907; x_wconf 90' lang='lat' dir='ltr'>donii</span> <span class='ocrx_word' id='word_1_724' title='bbox 1088 4852 1163 4920; x_wconf 77' lang='lat' dir='ltr'>icius</span> <span class='ocrx_word' id='word_1_725' title='bbox 1177 4853 1329 4923; x_wconf 82' lang='lat' dir='ltr'>episcopus,</span> <span class='ocrx_word' id='word_1_726' title='bbox 1342 4867 1403 4906; x_wconf 90' lang='lat' dir='ltr'>cum</span> <span class='ocrx_word' id='word_1_727' title='bbox 1425 4853 1481 4907; x_wconf 71' lang='lat' dir='ltr'>burc</span> <span class='ocrx_word' id='word_1_728' title='bbox 1496 4851 1634 4921; x_wconf 68' lang='lat' dir='ltr'>cribaret,</span> <span class='ocrx_word' id='word_1_729' title='bbox 1653 4844 1788 4924; x_wconf 74' lang='lat' dir='ltr'>Patiens,</span> 
     </span>
     <span class='ocr_line' id='line_1_58' title="bbox 162 4920 1793 4994; baseline 0.009 -29"><span class='ocrx_word' id='word_1_730' title='bbox 162 4925 241 4982; x_wconf 78' lang='lat' dir='ltr'>gurm</span> <span class='ocrx_word' id='word_1_731' title='bbox 253 4920 367 4982; x_wconf 87' lang='lat' dir='ltr'>poputus</span> <span class='ocrx_word' id='word_1_732' title='bbox 381 4926 561 4977; x_wconf 86' lang='lat' dir='ltr'>renumratmn</span> <span class='ocrx_word' id='word_1_733' title='bbox 575 4927 732 4986; x_wconf 85' lang='lat' dir='ltr'>suscrperet.</span> <span class='ocrx_word' id='word_1_734' title='bbox 1000 4937 1080 4984; x_wconf 83' lang='lat' dir='ltr'>ouem</span> <span class='ocrx_word' id='word_1_735' title='bbox 1097 4932 1236 4991; x_wconf 87' lang='lat' dir='ltr'>propteroa</span> <span class='ocrx_word' id='word_1_736' title='bbox 1249 4925 1324 4979; x_wconf 81' lang='lat' dir='ltr'>initio</span> <span class='ocrx_word' id='word_1_737' title='bbox 1338 4923 1459 4993; x_wconf 78' lang='lat' dir='ltr'>epistolar</span> <span class='ocrx_word' id='word_1_738' title='bbox 1477 4936 1555 4977; x_wconf 88' lang='lat' dir='ltr'>auum</span> <span class='ocrx_word' id='word_1_739' title='bbox 1575 4922 1600 4977; x_wconf 93' lang='lat' dir='ltr'>iu</span> <span class='ocrx_word' id='word_1_740' title='bbox 1619 4922 1727 4979; x_wconf 62' lang='lat' dir='ltr'>iuriam</span> <span class='ocrx_word' id='word_1_741' title='bbox 1741 4938 1793 4994; x_wconf 85' lang='lat' dir='ltr'>pa-</span> 
     </span>
     <span class='ocr_line' id='line_1_59' title="bbox 162 4984 1159 5055; baseline 0.008 -15"><span class='ocrx_word' id='word_1_742' title='bbox 162 5036 164 5040; x_wconf 30' lang='lat'>.</span> <span class='ocrx_word' id='word_1_743' title='bbox 199 4984 280 5039; x_wconf 72' lang='lat' dir='ltr'>elloo</span> <span class='ocrx_word' id='word_1_744' title='bbox 296 4993 337 5038; x_wconf 89' lang='lat' dir='ltr'>est</span> <span class='ocrx_word' id='word_1_745' title='bbox 356 4987 562 5055; x_wconf 77' lang='lat' dir='ltr'>presbyterum,</span> <span class='ocrx_word' id='word_1_746' title='bbox 585 4988 629 5055; x_wconf 79' lang='lat' dir='ltr'>nui</span> <span class='ocrx_word' id='word_1_747' title='bbox 657 4989 767 5045; x_wconf 78' lang='lat' dir='ltr'>secundi</span> <span class='ocrx_word' id='word_1_748' title='bbox 792 4991 894 5045; x_wconf 89' lang='lat' dir='ltr'>ordinis</span> <span class='ocrx_word' id='word_1_749' title='bbox 920 5001 948 5047; x_wconf 91' lang='lat' dir='ltr'>et</span> <span class='ocrx_word' id='word_1_750' title='bbox 999 5000 1067 5048; x_wconf 86' lang='lat' dir='ltr'>trem</span> <span class='ocrx_word' id='word_1_751' title='bbox 1081 5001 1159 5048; x_wconf 81' lang='lat' dir='ltr'>vocat</span> 
     </span>
    </p>
   </div>
   <div class='ocr_carea' id='block_1_8' title="bbox 160 5051 947 5125">
    <p class='ocr_par' dir='ltr' id='par_1_10' title="bbox 160 5051 947 5125">
     <span class='ocr_line' id='line_1_60' title="bbox 160 5051 947 5125; baseline 0.014 -19"><span class='ocrx_word' id='word_1_752' title='bbox 160 5051 276 5121; x_wconf 71' lang='lat' dir='ltr'>pontini</span> <span class='ocrx_word' id='word_1_753' title='bbox 290 5063 351 5120; x_wconf 88' lang='lat' dir='ltr'>post</span> <span class='ocrx_word' id='word_1_754' title='bbox 365 5057 518 5124; x_wconf 87' lang='lat' dir='ltr'>episcopum</span> <span class='ocrx_word' id='word_1_755' title='bbox 533 5065 575 5111; x_wconf 85' lang='lat' dir='ltr'>cst</span> <span class='ocrx_word' id='word_1_756' title='bbox 584 5058 694 5125; x_wconf 82' lang='lat' dir='ltr'>gradus,</span> <span class='ocrx_word' id='word_1_757' title='bbox 710 5067 739 5113; x_wconf 92' lang='lat' dir='ltr'>ut</span> <span class='ocrx_word' id='word_1_758' title='bbox 750 5058 849 5115; x_wconf 89' lang='lat' dir='ltr'>dictum</span> <span class='ocrx_word' id='word_1_759' title='bbox 860 5070 900 5116; x_wconf 89' lang='lat' dir='ltr'>est</span> <span class='ocrx_word' id='word_1_760' title='bbox 914 5062 947 5117; x_wconf 92' lang='lat' dir='ltr'>ad</span> 
     </span>
    </p>
   </div>
   <div class='ocr_carea' id='block_1_9' title="bbox 642 5178 1298 5334">
    <p class='ocr_par' dir='ltr' id='par_1_11' title="bbox 642 5178 1298 5334">
     <span class='ocr_line' id='line_1_61' title="bbox 642 5178 1298 5334; baseline 0.012 -21"><span class='ocrx_word' id='word_1_761' title='bbox 642 5178 879 5315; x_wconf 78' lang='lat' dir='ltr'>bruun</span> <span class='ocrx_word' id='word_1_762' title='bbox 921 5178 1298 5334; x_wconf 71' lang='lat' dir='ltr'>noturus,</span> 
     </span>
    </p>
   </div>
   <div class='ocr_carea' id='block_1_10' title="bbox 193 5365 1794 5625">
    <p class='ocr_par' dir='ltr' id='par_1_12' title="bbox 193 5365 1794 5625">
     <span class='ocr_line' id='line_1_62' title="bbox 352 5365 1791 5441; baseline 0.006 -21"><span class='ocrx_word' id='word_1_763' title='bbox 352 5367 430 5438; x_wconf 71' lang='lat'>128</span> <span class='ocrx_word' id='word_1_764' title='bbox 450 5365 613 5422; x_wconf 77' lang='lat' dir='ltr'>srtstobt</span> <span class='ocrx_word' id='word_1_765' title='bbox 631 5365 749 5424; x_wconf 75' lang='lat' dir='ltr'>rutha.</span> <span class='ocrx_word' id='word_1_766' title='bbox 998 5369 1153 5439; x_wconf 88' lang='lat' dir='ltr'>patientiam</span> <span class='ocrx_word' id='word_1_767' title='bbox 1168 5370 1317 5441; x_wconf 86' lang='lat' dir='ltr'>impendas.</span> <span class='ocrx_word' id='word_1_768' title='bbox 1332 5370 1454 5441; x_wconf 78' lang='lat' dir='ltr'>tlagnnn</span> <span class='ocrx_word' id='word_1_769' title='bbox 1468 5370 1579 5438; x_wconf 82' lang='lat' dir='ltr'>beccel,</span> <span class='ocrx_word' id='word_1_770' title='bbox 1595 5378 1623 5425; x_wconf 93' lang='lat' dir='ltr'>et</span> <span class='ocrx_word' id='word_1_771' title='bbox 1637 5369 1791 5429; x_wconf 85' lang='lat' dir='ltr'>litterarum</span> 
     </span>
     <span class='ocr_line' id='line_1_63' title="bbox 316 5453 1794 5534; baseline 0.006 -24"><span class='ocrx_word' id='word_1_772' title='bbox 316 5453 439 5513; x_wconf 80' lang='lat' dir='ltr'>Sidonius</span> <span class='ocrx_word' id='word_1_773' title='bbox 453 5465 467 5494; x_wconf 79' lang='lat'><strong>¹</strong></span> <span class='ocrx_word' id='word_1_774' title='bbox 481 5454 602 5512; x_wconf 86' lang='lat' dir='ltr'>Petronio</span> <span class='ocrx_word' id='word_1_775' title='bbox 616 5473 661 5533; x_wconf 80' lang='lat' dir='ltr'>sato</span> <span class='ocrx_word' id='word_1_776' title='bbox 673 5457 790 5512; x_wconf 85' lang='lat' dir='ltr'>sulutem.</span> <span class='ocrx_word' id='word_1_777' title='bbox 998 5460 1058 5533; x_wconf 81' lang='lat' dir='ltr'>rito</span> <span class='ocrx_word' id='word_1_778' title='bbox 1067 5462 1369 5529; x_wconf 79' lang='lat' dir='ltr'>conuenientissimum,</span> <span class='ocrx_word' id='word_1_779' title='bbox 1391 5476 1451 5517; x_wconf 88' lang='lat' dir='ltr'>curn</span> <span class='ocrx_word' id='word_1_780' title='bbox 1474 5462 1569 5520; x_wconf 90' lang='lat' dir='ltr'>studiis</span> <span class='ocrx_word' id='word_1_781' title='bbox 1579 5463 1644 5534; x_wconf 64' lang='lat' dir='ltr'>,ipse</span> <span class='ocrx_word' id='word_1_782' title='bbox 1660 5464 1794 5533; x_wconf 25' lang='lat' dir='ltr'>,maximis</span> 
     </span>
     <span class='ocr_line' id='line_1_64' title="bbox 193 5546 1793 5625; baseline 0.003 -18"><span class='ocrx_word' id='word_1_783' title='bbox 193 5546 283 5607; x_wconf 73' lang='lat' dir='ltr'>Audio</span> <span class='ocrx_word' id='word_1_784' title='bbox 293 5550 364 5611; x_wconf 86' lang='lat' dir='ltr'>uttod</span> <span class='ocrx_word' id='word_1_785' title='bbox 376 5549 526 5607; x_wconf 86' lang='lat' dir='ltr'>lectitandis</span> <span class='ocrx_word' id='word_1_786' title='bbox 539 5551 660 5620; x_wconf 89' lang='lat' dir='ltr'>epistolis</span> <span class='ocrx_word' id='word_1_787' title='bbox 674 5551 741 5607; x_wconf 89' lang='lat' dir='ltr'>meis</span> <span class='ocrx_word' id='word_1_788' title='bbox 755 5551 946 5622; x_wconf 75' lang='lat' dir='ltr'>voluptuosam</span> <span class='ocrx_word' id='word_1_789' title='bbox 999 5554 1111 5625; x_wconf 87' lang='lat' dir='ltr'>polleas,</span> <span class='ocrx_word' id='word_1_790' title='bbox 1125 5567 1156 5609; x_wconf 88' lang='lat' dir='ltr'>ea</span> <span class='ocrx_word' id='word_1_791' title='bbox 1168 5562 1197 5608; x_wconf 90' lang='lat' dir='ltr'>et</span> <span class='ocrx_word' id='word_1_792' title='bbox 1206 5553 1233 5608; x_wconf 91' lang='lat' dir='ltr'>iu</span> <span class='ocrx_word' id='word_1_793' title='bbox 1245 5552 1303 5609; x_wconf 89' lang='lat' dir='ltr'>aliis</span> <span class='ocrx_word' id='word_1_794' title='bbox 1323 5553 1403 5610; x_wconf 92' lang='lat' dir='ltr'>etiam</span> <span class='ocrx_word' id='word_1_795' title='bbox 1421 5555 1531 5611; x_wconf 91' lang='lat' dir='ltr'>minima</span> <span class='ocrx_word' id='word_1_796' title='bbox 1553 5553 1708 5624; x_wconf 85' lang='lat' dir='ltr'>complecti.</span> <span class='ocrx_word' id='word_1_797' title='bbox 1732 5553 1793 5612; x_wconf 83' lang='lat' dir='ltr'>Sed</span> 
     </span>
    </p>
   </div>
   <div class='ocr_carea' id='block_1_11' title="bbox 169 5664 1791 5777">
    <p class='ocr_par' dir='ltr' id='par_1_13' title="bbox 169 5664 1791 5777">
     <span class='ocr_line' id='line_1_65' title="bbox 169 5664 1791 5777; baseline 0.009 -42"><span class='ocrx_word' id='word_1_798' title='bbox 169 5722 173 5745; x_wconf 77' lang='grc'>,</span> <span class='ocrx_word' id='word_1_799' title='bbox 195 5679 450 5758; x_wconf 66' lang='grc' dir='ltr'>ιΑεειιῳιιείεῐιιιὶ</span> <span class='ocrx_word' id='word_1_800' title='bbox 462 5690 566 5757; x_wconf 77' lang='lat' dir='ltr'>togato,</span> <span class='ocrx_word' id='word_1_801' title='bbox 582 5697 661 5754; x_wconf 77' lang='lat' dir='ltr'>quem</span> <span class='ocrx_word' id='word_1_802' title='bbox 677 5685 788 5745; x_wconf 84' lang='lat' dir='ltr'>liouram</span> <span class='ocrx_word' id='word_1_803' title='bbox 801 5701 862 5745; x_wconf 83' lang='lat' dir='ltr'>curu</span> <span class='ocrx_word' id='word_1_804' title='bbox 880 5687 941 5751; x_wconf 81' lang='lat' dir='ltr'>aliia</span> <span class='ocrx_word' id='word_1_805' title='bbox 995 5664 1110 5773; x_wconf 69' lang='lat' dir='ltr'>legatum</span> <span class='ocrx_word' id='word_1_806' title='bbox 1124 5687 1238 5746; x_wconf 80' lang='lat' dir='ltr'>uidimus</span> <span class='ocrx_word' id='word_1_807' title='bbox 1258 5689 1287 5747; x_wconf 94' lang='lat' dir='ltr'>iu</span> <span class='ocrx_word' id='word_1_808' title='bbox 1308 5702 1390 5746; x_wconf 89' lang='lat' dir='ltr'>causa</span> <span class='ocrx_word' id='word_1_809' title='bbox 1409 5689 1527 5748; x_wconf 81' lang='lat' dir='ltr'>hrsaudi</span> <span class='ocrx_word' id='word_1_810' title='bbox 1550 5689 1598 5747; x_wconf 89' lang='lat' dir='ltr'>lib.</span> <span class='ocrx_word' id='word_1_811' title='bbox 1616 5705 1641 5759; x_wconf 88' lang='lat' dir='ltr'>r,</span> <span class='ocrx_word' id='word_1_812' title='bbox 1657 5687 1739 5777; x_wconf 78' lang='lat' dir='ltr'>epist.</span> <span class='ocrx_word' id='word_1_813' title='bbox 1760 5691 1791 5760; x_wconf 70' lang='lat' dir='ltr'>i,</span> 
     </span>
    </p>
   </div>
   <div class='ocr_carea' id='block_1_12' title="bbox 0 0 1937 6244">
    <p class='ocr_par' dir='ltr' id='par_1_14' title="bbox 0 0 1937 6244">
     <span class='ocr_line' id='line_1_66' title="bbox 0 0 1937 6244; baseline 0 0"><span class='ocrx_word' id='word_1_814' title='bbox 0 0 1937 6244; x_wconf 95' lang='lat' dir='ltr'> </span> 
     </span>
    </p>
   </div>
  </div>
 </body>
</html>
