3810 6254
134 254 186 316 tta
800 210 1107 305 mononttrsnsts.

130 342 342 435 'sacramentum
358 362 522 439 penitentie
545 375 645 418 munus
660 368 688 420 ct
701 358 929 419 reconciliationis
942 357 1067 427 AQoom
1081 357 1189 430 quidem
1202 356 1254 414 riri
1268 355 1367 415 eruditi
1377 355 1552 426 sententium,
1564 371 1619 414 non
1628 357 1691 414 mod

133 461 326 534 indulgentiam
344 458 514 516 sacerdotum
528 456 680 512 ministerio
700 466 871 521 concessam,
893 450 928 508 ad
980 451 1133 522 plectimur,
1150 451 1198 508 sed
1213 450 1281 508 adeo
1295 452 1377 508 certis
1396 459 1425 506 ct
1438 449 1594 506 indubitatis
1609 465 1691 523 arguo

133 568 201 626 quos
212 562 322 625 peccata
336 552 440 608 solvere
450 563 484 606 ex
498 547 598 605 Christi
614 546 783 605 institutione
792 545 925 618 pertinet:
980 543 1144 616 propugnari
1157 557 1239 615 posse
1253 558 1408 613 censemus,
1424 551 1452 600 ιιι
1468 544 1603 600 neminem
1616 545 1643 601 ei
1659 560 1691 602 un

133 646 179 704 bio
197 643 364 716 baptismatis
386 641 475 697 unitas
494 639 616 696 maxime
637 638 854 704 commendatur,
885 635 929 692 bic
980 637 1007 692 in
1023 646 1159 707 posterum
1174 650 1235 693 esse
1245 635 1441 707 refragaturum
1456 635 1629 692 arbitremur.
1651 635 1680 692 ld

132 739 214 798 lontis
227 734 394 807 baptismalis
409 748 494 791 seorae
509 733 715 790 benedictiones
734 730 860 801 laudatae,
883 743 928 785 so·
980 728 1092 799 erigite
1107 727 1185 784 nobis
1198 729 1321 784 omnium
1335 728 1462 784 codicum
1475 742 1541 783 mss.
1559 729 1691 786 unanimis

131 830 239 889 lemnes
250 829 317 884 ritus
329 825 356 881 iu
372 826 560 882 delunotorum
575 825 694 882 bdelium
709 821 847 895 exsequiis
875 818 930 876 usi·
981 834 1087 890 sensus,
1102 835 1218 892 quorum
1235 835 1270 877 ne
1284 835 1354 876 nnus
1368 821 1488 892 quidem,
1513 836 1545 878 ex
1561 821 1595 877 iis
1618 822 1691 881 salter

132 925 180 982 tati
200 899 403 979 memorantur.
421 918 543 976 Basilice
568 919 596 974 in
619 926 775 974 sanctorum
797 915 928 971 bonorem
982 914 1113 970 Hactenus
1127 914 1263 980 visisunt,
1283 913 1420 970 Victorem
1446 914 1599 970 Uticensem
1614 916 1691 973 istius

129 1017 188 1073 Deo
203 1021 379 1080 consecrate,
392 1020 547 1069 sumturum
562 1011 591 1067 in
608 1010 685 1067 coelis
700 1006 872 1079 regnantium
887 1006 930 1061 in·
981 1007 1020 1061 ris
1031 1015 1168 1063 auctorem
1180 1007 1297 1077 praeiere.
1313 1006 1368 1063 Nos
1380 1010 1613 1077 quatuoromnino
1626 1009 1691 1066 inre

129 1107 249 1175 vocatio,
261 1105 391 1162 liotnanae
407 1102 537 1160 Ecclesiae
560 1101 702 1173 primatus,
728 1099 847 1171 uirgines
873 1096 931 1152 er
982 1096 1010 1153 iu
1022 1098 1120 1169 quibus
1135 1096 1194 1154 lime
1208 1098 1325 1155 Historia
1343 1098 1458 1155 babetur
1476 1101 1593 1171 integrm
1615 1117 1649 1158 ea
1668 1102 1691 1158 ii

131 1213 228 1268 sacre,
244 1196 351 1269 aliaque
363 1195 496 1266 ejusmodi
516 1195 588 1251 bene
609 1181 694 1250 multa
716 1191 818 1263 possim
833 1203 931 1246 occur·
984 1190 1101 1247 Victoris
1113 1194 1205 1263 patrie
1233 1190 1344 1247 vitensis
1367 1191 1486 1262 episcopi
1506 1207 1604 1248 nomen
1629 1193 1691 1250 diser

132 1301 196 1348 runt
207 1309 215 1358 ;
228 1304 289 1362 quea
303 1304 337 1347 co
350 1289 469 1346 certiora
482 1298 546 1344 sunt
561 1284 716 1344 traditionis
727 1285 846 1356 antique
859 1281 932 1338 indi·
983 1298 1037 1340 non
1062 1283 1147 1338 semol
1175 1291 1382 1354 representem,
1410 1284 1438 1338 in
1463 1292 1559 1354 quarto
1572 1294 1662 1342 autem
1686 1284 1691 1299 “

134 1385 186 1450 cia,
200 1381 273 1454 quod
287 1382 322 1439 ab
337 1381 388 1439 isto
402 1388 513 1437 auctore
524 1379 599 1435 nulla
613 1379 674 1435 data
685 1391 778 1448 opero,
793 1374 933 1446 etabsque
983 1378 1127 1448 episcopus
1141 1376 1301 1446 simpliciter
1312 1377 1422 1444 dicitur,
1436 1376 1509 1433 nulla
1519 1377 1591 1434 sodis
1612 1377 1691 1449 ipsius

135 1477 188 1533 ulla
202 1474 381 1532 affectationis
397 1473 488 1544 specie
509 1473 612 1544 prolata
637 1470 747 1528 luerint.
772 1467 868 1524 Visum
891 1473 934 1522 est
983 1471 1131 1528 mentione.
1147 1469 1341 1526 Hieronsemit
1353 1469 1441 1526 codex
1460 1468 1671 1527 meminiretis
1685 1470 1691 1527 ι

136 1570 217 1628 ctiam
228 1568 301 1626 idem
313 1581 382 1638 opus
392 1568 482 1638 magni
496 1564 628 1624 momenti
647 1563 682 1620 ad
705 1559 932 1632 compescendum
983 1579 1055 1632 rum,
1071 1564 1196 1634 antiquus
1210 1571 1238 1619 et
1248 1563 1360 1634 optimae
1375 1571 1458 1631 note,
1474 1563 1530 1634 quui,
1547 1565 1691 1621 testanteC

136 1675 285 1733 eorumque
295 1659 483 1716 hereticorum
495 1657 630 1724 lurorem;
647 1655 788 1727 proposito
806 1653 932 1723 exemplo
984 1655 1033 1723 tio,
1050 1653 1120 1712 ltunc
1136 1655 1242 1710 titulum
1262 1655 1389 1726 prefert:
1403 1654 1531 1727 Prolopus
1546 1656 1573 1712 in
1584 1656 1691 1712 Historia

129 1753 331 1821 ,vandalorum
348 1768 383 1808 ne
397 1752 471 1822 ipsos
485 1750 567 1807 rebus
581 1750 668 1807 sacris
684 1730 818 1806 uiolittdis
833 1745 932 1802 imitari
948 1729 1122 1813 Recentienin
1142 1747 1285 1818 Africanae,
1309 1748 1378 1802 edito
1402 1764 1418 1802 u
1443 1757 1533 1804 sancto
1562 1748 1666 1804 Victore
1689 1773 1691 1819 3

128 1828 304 1904 'riderentum
321 1843 402 1902 Certe
416 1858 449 1901 ee
462 1842 513 1899 luit
525 1857 604 1898 mens
616 1841 688 1898 beati
703 1839 839 1907 llbenani,
859 1838 936 1910 cujus
993 1841 1103 1897 l'iteneis
1117 1841 1248 1913 episcopo.
1265 1841 1395 1898 Eumdem
1410 1852 1547 1899 auctorem
1563 1844 1691 1917 episcopm

128 1919 223 2010 'opere
235 1937 323 2009 primo
334 1937 361 1993 in
377 1939 464 2004 lucent
488 1934 587 2005 prodiit
599 1951 606 1990 a
618 1933 778 2002 Africanum,
799 1932 885 2003 inquit
908 1931 935 1986 in
987 1943 1094 1997 tentem,
1111 1913 1162 1987 non
1179 1931 1324 1988 Uticensem
1338 1934 1432 1991 diserte
1442 1936 1571 2006 appellari
1581 1937 1608 1992 in
1622 1935 1691 1994 codit

128 2009 324 2088 ‘admonitione
351 2027 463 2100 praevis,
486 2024 595 2080 Victoria
618 2023 764 2078 Historiam
782 2023 863 2083 nettn
887 2022 936 2077 lroe
986 2028 1158 2086 bibliothecas
1183 2029 1320 2086 Vaticenae
1345 2039 1439 2088 monet
1467 2031 1556 2088 Lucas
1576 2030 1691 2088 {tolerent

127 2102 273 2198 'perlepime
282 2122 409 2195 proderit,
433 2121 503 2191 quod
524 2121 567 2174 uie
581 2117 812 2188 aliudenemptrun
832 2117 867 2172 nd
891 2117 936 2171 de·
987 2119 1224 2178 animadversisod
1236 2120 1456 2194 Hartyrologium
1470 2121 1623 2178 Romanum
1640 2121 1691 2180 edt

136 2218 284 2273 terrendum
294 2233 311 2269 o
323 2212 455 2286 reliqionia
466 2213 541 2268 sectis
558 2212 591 2266 sit
604 2212 742 2281 efficatius,
757 2210 825 2278 qaod
839 2210 875 2265 ibi
888 2210 936 2265 sub
987 2215 1114 2273 alendas
1128 2215 1309 2287 Septembris.
1324 2215 1445 2288 [lenique
1456 2215 1551 2271 beatus
1566 2214 1691 2272 Rhenum

138 2309 228 2365 mulos
250 2316 373 2383 ponatur,
401 2322 478 2378 quom
500 2307 558 2361 dira
577 2311 655 2374 utque
673 2303 936 2375 infandeCltritticni
987 2309 1091 2380 primus
1105 2308 1258 2365 ann01535
1279 2308 1509 2367 heremitorium
1539 2308 1610 2379 typis
1630 2322 1691 2364 msa

136 2405 165 2460 in
181 2401 341 2459 Christianos
355 2402 564 2474 perpetraverint,
589 2401 651 2455 dum
662 2399 771 2456 Barbari
786 2415 832 2454 ruo
843 2400 870 2454 iu
883 2399 936 2455 llo-
987 2403 1060 2473 qttod
1083 2404 1117 2460 e'r
1127 2418 1181 2460 uno
1194 2403 1289 2460 saltem
1306 2417 1357 2460 ms.
1373 2402 1466 2459 codice
1478 2402 1577 2458 lactum
1596 2402 1681 2458 luisse

129 2484 295 2551 'ntonosodio
309 2510 408 2550 morem
423 2502 548 2566 petentes,
559 2492 693 2566 relipionis
705 2501 829 2563 pretextu
839 2493 866 2547 in
876 2492 936 2547 illos
988 2494 1120 2563 domest,
1136 2494 1238 2550 Victori
1253 2508 1314 2551 mna
1336 2494 1438 2551 Vitonsi
1455 2493 1567 2560 tribuit;
1587 2494 1657 2565 quod
1673 2508 1691 2549 s:

137 2587 256 2644 seviunt.
281 2585 351 2642 Hinc
369 2595 424 2642 tam
443 2585 597 2656 trequentes
618 2584 750 2657 deinceps
776 2585 854 2642 luere
877 2584 936 2656 eius
989 2602 1043 2643 non
1056 2588 1215 2655 accidisset,
1230 2590 1252 2644 si
1263 2589 1338 2645 illius
1350 2590 1436 2645 codex
1450 2588 1584 2647 Uticensis
1595 2587 1689 2645 notissi

138 2679 281 2748 editiones,
306 2686 362 2735 tunt
376 2678 404 2734 in
424 2677 580 2748 Germanis,
598 2687 654 2734 tum
670 2679 698 2732 in
711 2676 809 2746 Gallia,
830 2677 857 2734 in
876 2677 938 2749 qui·
987 2678 1078 2735 Airita
1092 2678 1168 2736 urbis
1188 2680 1266 2736 titulo
1290 2678 1385 2737 luisset
1404 2679 1559 2751 insignitus.
1584 2678 1663 2744 Unde
1683 2680 1691 2735 i

137 2771 190 2828 bus
214 2769 361 2843 prouinciis
387 2769 575 2827 hereticorum
597 2768 674 2847 luror
690 2769 809 2828 maxime
830 2784 937 2842 grassa·
987 2769 1060 2835 licet,
1074 2771 1184 2827 codices
1204 2785 1240 2828 es
1265 2771 1352 2838 ltalia,
1368 2768 1514 2828 Germanis
1530 2780 1558 2826 et
1577 2768 1664 2827 Gallia
1680 2771 1691 2826 i:

138 2863 227 2920 batur.
989 2877 1072 2919 unum
1085 2863 1253 2932 consentire,
1267 2873 1297 2921 ιιι
1314 2863 1407 2920 Uictor
1432 2864 1483 2921 isto
1498 2863 1623 2930 vitensis,
1648 2877 1691 2920 not

131 2956 152 3042 ξ’
173 2955 221 3012 lv.
235 2954 320 3012 Porro
335 2954 416 3026 buius
428 2953 555 3012 Historie
574 2954 717 3012 auctorem¹
730 2955 813 3013 luisse
836 2955 937 3027 episeo
988 2954 1078 3012 censis
1090 2954 1207 3012 dicatur.

128 3047 357 3121 ¹pumquemdem
368 3046 538 3115 siricorum,
557 3047 667 3104 nomine
681 3047 831 3116 Victorem,
847 3048 936 3104 nultus
1024 3050 1057 3104 V.
1078 3051 1184 3107 Primus
1202 3051 1321 3108 omnium
1332 3050 1377 3122 qui
1391 3050 1527 3107 sincerum
1551 3049 1631 3121 hujus
1644 3062 1691 3121 opc

138 3155 258 3213 unqutm
280 3140 309 3197 in
324 3140 436 3198 dubium
453 3141 606 3210 revocarit;
622 3153 650 3200 at
668 3143 704 3201 de
727 3143 787 3214 eius
805 3142 870 3200 sede
883 3106 974 3199 nonC
990 3143 1076 3201 tulum
1084 3143 1215 3215 corrupit,
1227 3142 1335 3198 ridetur
1349 3141 1433 3199 luisse
1449 3141 1618 3199 Reinbardus
1632 3141 1691 3199 Lori

130 3214 191 3290 'nna
206 3233 257 3290 luit
271 3234 392 3291 omnium
410 3237 554 3293 senentis.
579 3235 655 3294 Libri
675 3237 775 3309 quippe
797 3237 875 3304 editi,
891 3238 937 3294 alii
989 3234 1039 3292 Hie
1053 3235 1152 3306 tiuippe
1171 3242 1243 3291 annu
1267 3233 1473 3292 testimonie
1492 3234 1615 3291 eumdem
1640 3234 1691 3290 llist

34 3355 42 3374 ·
131 3322 276 3393 ,Uictorem
290 3325 457 3396 Uticensem,
472 3328 518 3385 slii
533 3328 671 3387 vitensem
687 3331 851 3402 praeleruot3
869 3345 938 3403 prae-
987 3328 1039 3385 sub
1062 3328 1172 3384 Victoris
1193 3328 1285 3398 patrie
1312 3327 1438 3384 Uticensis
1462 3317 1572 3387 nomine
1598 3327 1691 3401 saulge

131 3417 256 3479 ¹valuisse
268 3426 358 3475 umen
369 3418 521 3488 ridebatur,
537 3421 619 3477 etiam
632 3422 704 3494 apud
717 3422 791 3480 uiros
804 3423 936 3492 eruditos,
988 3423 1115 3478 tinearum
1131 3420 1241 3494 irrjnrio,
1257 3420 1351 3491 quibus
1365 3421 1455 3475 enodi
1474 3420 1615 3484 metietur,
1631 3431 1661 3476 ot
1674 3419 1691 3490 i}

66 3535 74 3549 ι
139 3523 236 3567 eorum
249 3509 342 3581 opinio
355 3510 402 3582 qui
417 3508 573 3570 Uticensem
586 3512 770 3585 appellabunt,
783 3529 846 3571 cum
860 3515 937 3572 Utica
988 3515 1088 3587 quitur,
1103 3514 1275 3570 vindicatam.
1301 3512 1473 3584 litquamuis
1492 3528 1563 3568 anno
1580 3512 1644 3569 titt
1661 3511 1691 3567 lll

140 3602 236 3659 ciuitas
246 3602 372 3659 omnibus
387 3603 554 3662 notioresset
565 3620 645 3676 quam
657 3606 786 3677 vitensis,
797 3621 878 3678 quam
889 3621 938 3662 ne·
987 3608 1071 3665 editio
1083 3606 1195 3664 Parisiis
1204 3605 1275 3678 epod
1286 3603 1427 3662 Galeotum
1442 3606 1610 3675 Protensem,
1624 3607 1691 3662 itero

140 3712 187 3756 mo
213 3697 272 3755 lere
295 3709 416 3757 noverat.
446 3698 546 3757 Verum
570 3710 664 3772 postca
690 3716 771 3773 quem
789 3715 823 3758 ea
841 3701 936 3757 notitia
988 3696 1106 3757 Victoris
1121 3698 1240 3756 Vitensis
1257 3700 1368 3757 nomine
1387 3712 1481 3755 recusa
1502 3697 1600 3766 luerim
1616 3713 1677 3755 oum

130 3778 268 3848 'ttrtcsna
278 3798 446 3861 compertum
458 3790 510 3849 luit
522 3791 656 3850 lictorem
673 3792 829 3864 episcopum
844 3792 937 3849 viten-
988 3791 1110 3862 ejusdem
1131 3791 1182 3847 boc
1200 3791 1261 3861 ipso
1283 3806 1355 3847 anno
1372 3791 1457 3848 altera
1480 3790 1597 3847 Loricbii
1616 3791 1691 3848 editis

140 3895 199 3940 sem
211 3881 366 3940 vandalicae
391 3883 590 3954 persecutionis
611 3884 778 3958 temporibus
793 3885 821 3942 in
844 3884 936 3943 Airita
988 3884 1106 3940 Victoris
1122 3883 1256 3941 Uticensis
1268 3883 1389 3953 nomine,
1406 3885 1508 3957 pariter
1521 3885 1589 3941 lucta
1606 3885 1691 3942 luisset

140 3972 276 4044 floruisse,
296 3990 347 4047 qua
370 3984 531 4048 tempestate
551 3976 688 4035 Uticensis
702 3979 866 4050 episcopus,
882 3995 936 4038 non
988 3977 1039 4036 lete
1058 3976 1130 4050 apud
1142 3977 1371 4046 Westbemerum,
1395 3978 1566 4048 placeretque
1587 3977 1691 4035 cunctis

132 4065 246 4137 tlictor,
260 4068 307 4125 sed
320 4068 493 4126 Florentinus
514 4069 670 4140 dicebatur,
686 4079 716 4126 ut
729 4087 763 4128 ex
776 4071 871 4129 eadem
887 4088 937 4129 no·
988 4052 1046 4139 ill'o,
1060 4081 1091 4126 ut
1102 4064 1168 4142 ipsis
1181 4070 1334 4136 videbatur,
1349 4069 1500 4135 restituti03
1515 4070 1579 4125 inde
1589 4068 1687 4125 laetum

139 4159 199 4216 titia
218 4168 301 4232 patet,
318 4171 381 4216 tunc
403 4174 483 4217 nemo
506 4174 560 4216 non
574 4177 704 4218 assensus
723 4172 766 4220 est
790 4164 935 4235 victorem,
988 4144 1184 4235 subsequentes
1194 4163 1326 4220 editiones
1340 4176 1445 4227 omnes,
1459 4162 1516 4218 sire
1538 4162 1565 4217 in
1579 4160 1691 4228 Gallias

140 4255 264 4327 preclari
279 4253 359 4324 buius
369 4266 508 4313 auctorem
526 4257 628 4328 operis,
652 4257 789 4315 Vitensem
802 4262 871 4329 {osse
889 4276 937 4330 ap·
989 4256 1145 4323 Germania,
1156 4265 1204 4311 aut
1216 4255 1242 4312 in
1258 4255 1318 4312 sliis
1339 4255 1506 4325 regionibus,
1521 4254 1636 4310 Victoris
1651 4253 1691 4310 Uti

140 4343 307 4415 pellandum.
318 4345 410 4417 Neque
423 4348 524 4405 dixeris
533 4348 692 4406 Florentino
705 4350 824 4408 Uticensi
839 4353 865 4408 in
890 4367 938 4408 er·
990 4361 1087 4404 nomen
1104 4345 1281 4417 prenderint.
1304 4344 1346 4402 An
1362 4359 1426 4420 vero
1444 4346 1470 4401 id
1493 4346 1603 4417 proprio
1622 4349 1689 4401 inart

141 4435 437 4507 silioepudCorsieam
450 4438 580 4497 defuncto
602 4442 738 4499 Victorem
761 4443 831 4500 iorte
854 4444 1023 4541 luisseDes
1044 4440 1146 4499 codicis
1166 4439 1280 4510 alicujus
1302 4439 1366 4495 titio
1388 4437 1414 4495 id
1443 4439 1607 4495 commiserit
1632 4437 1691 4493 Lori

140 4528 332 4595 substitutum,
347 4529 394 4597 qui
419 4529 490 4588 bano
510 4532 651 4591 historiam
676 4534 860 4605 descripserit.
877 4537 938 4594 lstae
991 4535 1140 4596 mibisane
1153 4533 1285 4589 incertum
1298 4540 1356 4590 est:
1369 4532 1492 4604 quamvis
1512 4531 1650 4604 probabile
1663 4533 1689 4587 ri

142 4619 215 4674 enim
229 4633 313 4676 merae
333 4622 575 4693 suntcoujecturae
590 4640 650 4697 que
664 4625 787 4683 codicum
810 4643 876 4686 mss.
892 4643 939 4686 au·
991 4628 1112 4686 codicem
1133 4626 1217 4698 ipsius
1241 4626 1346 4683 caeteris
1366 4625 1481 4682 similem
1503 4627 1596 4694 luisse,
1624 4625 1691 4697 idqn

141 4712 263 4769 ctoritati
284 4715 432 4785 praeualere
454 4731 622 4789 nequaquam
652 4730 774 4791 possunt,
790 4722 939 4794 presertim
991 4720 1118 4792 conjicio,
1132 4719 1203 4791 quod
1224 4721 1296 4776 burte
1318 4728 1456 4777 auctorem
1475 4719 1600 4774 Victorem
1621 4718 1691 4790 patri

142 4818 204 4860 cum
218 4804 355 4876 episcopis
371 4815 436 4864 tunc
448 4808 583 4867 delunetis
598 4811 686 4869 nullos
704 4813 773 4871 alios
789 4815 816 4870 in
836 4814 878 4871 bis
896 4823 939 4871 tu·
990 4817 1072 4872 censis
1090 4815 1239 4884 episcopum
1256 4813 1383 4885 appellet,
1398 4822 1428 4869 ut
1446 4811 1538 4869 ceteri
1558 4819 1680 4868 nostrum

142 4897 271 4955 moltibus
293 4898 377 4957 luisse
388 4901 550 4960 substitutos
562 4916 689 4965 constare
703 4907 837 4964 rideatur.
854 4907 939 4965 l'orro
992 4923 1050 4965 rem
1074 4907 1166 4978 potrioe
1189 4906 1308 4963 Viteneis.
1324 4906 1476 4977 thrridem
1498 4905 1589 4976 patrie
1602 4920 1654 4962 ror
1675 4905 1691 4960 d

142 4990 190 5062 qui
206 4989 339 5078 Victorem
360 4994 515 5053 Uticensem
525 5012 575 5070 pro
590 4994 696 5057 ilitensi
711 5002 889 5071 intruserunt,
911 5002 938 5058 id
993 5001 1072 5057 alicui
1085 5001 1195 5072 integre
1213 5000 1309 5056 melius
1323 5014 1403 5070 quam
1418 5000 1477 5056 urbi
1496 4999 1680 5069 nobilissime,

51 5131 58 5137 .
142 5085 339 5143 commiserunt
364 5102 398 5144 ex
411 5089 583 5161 ignoratione
609 5093 682 5151 sedis
702 5093 833 5165 vitensis,
862 5095 939 5166 cujus
993 5103 1051 5151 erat
1065 5093 1317 5166 Utica,compotere
1333 5093 1446 5150 ridetur.
1460 5094 1596 5150 Victorem
1609 5093 1680 5148 enim

141 5174 203 5232 loco
217 5174 371 5236 Uticensem
386 5181 438 5239 sibi
460 5190 552 5240 notum
573 5185 782 5254 substituerunt,
811 5187 937 5244 mendum
994 5185 1109 5242 vitensis
1122 5185 1279 5258 episcopum
1292 5184 1393 5241 dictum
1420 5184 1504 5242 luisse
1521 5185 1598 5242 lacile
1612 5185 1691 5241 crodit

141 5266 171 5323 ln
188 5269 307 5340 antiquis
329 5275 529 5347 exemplaribus
555 5278 701 5351 irrepsisse
726 5281 872 5353 suspiceti3
889 5284 938 5339 sed
993 5279 1065 5352 quod
1086 5294 1147 5336 cum
1166 5280 1193 5334 in
1217 5278 1288 5334 illius
1302 5278 1412 5335 dioecesi
1429 5279 1501 5334 nulla
1521 5288 1593 5334 esset
1612 5276 1688 5343 orbs,

142 5359 240 5417 eedem
254 5376 350 5420 tocttm
361 5367 490 5426 albnitate
503 5386 556 5441 qua
582 5371 651 5430 alios
670 5373 779 5430 delusos
790 5374 941 5432 luisseexi·
992 5373 1105 5442 alicujus
1126 5385 1215 5442 parrae
1231 5371 1348 5442 regionis
1362 5373 1505 5443 episcopus
1524 5370 1673 5429 dicebatur.

141 5454 299 5525 stimabent,
323 5472 384 5516 sese
407 5461 459 5532 ipsi
486 5462 655 5523 deluserunt.
683 5465 780 5523 Herito
806 5469 897 5539 itaque
923 5482 939 5523 a
992 5464 1149 5522 llarmarics
1165 5462 1448 5532 rotiprortncteunns
1462 5467 1604 5538 episcopus
1618 5482 1688 5538 prmo

142 5543 223 5605 Petro
237 5545 380 5608 Francisoo
392 5552 527 5610 Cbiiiletio
546 5555 575 5612 S.
591 5557 618 5614 l.
642 5559 813 5631 presbytero,
835 5560 939 5617 Victori
992 5573 1043 5630 qua
1057 5572 1118 5613 cum
1141 5571 1196 5612 non
1210 5566 1282 5614 esset
1301 5557 1395 5614 civitas
1414 5558 1558 5616 admodum
1580 5560 1691 5617 celebris

142 5635 249 5698 Yitcnsi
262 5642 400 5716 episcopo,
414 5652 542 5716 unquam
557 5661 607 5703 suo
620 5662 688 5706 tero
705 5665 737 5706 ac
751 5650 872 5722 legitimo
889 5664 938 5706 au·
991 5656 1150 5706 ceterarum
1162 5658 1310 5719 caputcsse
1320 5663 1480 5722 mereretur,
1493 5652 1636 5723 episcopus
1650 5669 1691 5707 mn

133 5732 226 5813 ,iiiiii
245 5732 364 5826 ffliibtld
382 5735 515 5811 &fficium
530 5740 728 5814 remotionis
742 5742 866 5816 restittit
884 5750 936 5805 cst.
991 5758 1066 5809 nunc
1078 5741 1132 5801 illic
1152 5741 1245 5803 sedem
1263 5743 1378 5816 itabens,
1394 5747 1476 5806 totius
1499 5746 1617 5827 regionis
1643 5746 1691 5824 cpia

250 5864 280 5892 a
314 5867 365 5906 η.
469 5890 474 5900 ,
502 5887 512 5898 ,
