3810 6254
129 263 180 323 sor
616 207 619 211 ⁴
747 256 776 314 s.
797 242 919 315 ιιιιιιι
939 253 1217 314 nuncrnnsrs·
1718 254 1779 322 rep

129 378 210 438 modo
222 378 325 435 arbitrii
338 376 449 434 libertas
461 368 611 436 assentur,
630 383 710 426 snono
724 369 844 427 celestis
863 368 918 425 ler-
927 370 959 432 Ἀ
972 375 1026 425 ter.
1058 366 1135 427 iiunc
1155 379 1220 423 seno
1233 364 1415 436 persuasionis
1429 372 1482 421 tour
1494 365 1642 437 reprobum
1658 378 1775 425 maure

131 472 201 545 gitos
215 470 431 534 demonstratur,
446 480 519 522 nunc
533 462 616 519 bomo
627 461 662 517 do
674 462 811 518 concessis
821 459 925 517 viribus
974 460 1109 518 catboiica
1124 458 1273 516 detestetur
1294 457 1426 514 Ecclesia.
1442 456 1523 525 ideo,
1537 457 1627 530 iuquit
1638 499 1647 527 ,
1659 459 1776 532 genitali

132 562 301 627 admonetur,
312 573 347 615 ιιι
355 559 391 614 dc
402 558 460 614 sola
470 557 556 628 gratia
570 552 788 626 speretotioeuez
804 564 876 608 nunc
889 550 924 609 de
974 551 1122 625 quamlibet
1139 550 1212 607 unda
1232 550 1334 623 periuri
1356 563 1453 607 munus
1477 549 1602 621 baptismi
1622 566 1679 608 non
1700 552 1775 611 asel·

131 654 215 727 gratio
236 635 346 723 sperare
371 649 538 720 precipitur,
553 662 588 705 ne
600 645 635 703 de
649 645 709 703 solo
728 645 820 702 labore
833 644 870 702 sit
882 658 925 702 se·
974 643 1061 715 pient,
1084 643 1147 714 qnia
1169 640 1202 697 ud
1217 641 1379 712 baptismum
1402 639 1547 698 inlidelitsr
1566 643 1693 700 renium.
1714 644 1775 703 lle·

132 758 223 801 curus.
239 740 293 798 Sed
315 738 384 797 dicis
401 758 408 792 :
423 739 452 796 Si
468 736 668 810 praessuram
681 751 736 793 non
759 744 816 802 ert,
831 749 879 792 eur
897 735 924 791 in
974 735 1011 792 itt
1024 744 1076 795 est.
1096 734 1214 792 ddrerte
1234 734 1297 806 guia
1320 734 1372 789 boc
1390 733 1480 804 ipsum
1500 735 1534 792 ed
1547 734 1716 807 baptismum
1728 751 1776 797 ιι-

133 832 253 908 pernulis
274 830 320 887 eiii
334 828 520 901 baptizentur,
536 827 582 884 riti
595 826 655 884 sine
667 825 792 898 baptismi
806 824 925 883 mortib·
974 827 1034 884 nire
1045 867 1053 896 ,
1066 833 1094 884 et
1105 825 1218 883 salumn
1234 823 1408 892 desiderare,
1419 823 1474 896 iam
1495 824 1627 885 illei-eet.
1653 826 1775 897 Quieuo·

133 926 240 982 catione
254 921 412 994 rapiuotnrl
424 919 594 992 serpentine
607 918 710 976 irandis
729 928 782 986 est,
801 918 835 975 sd
850 927 926 976 tene·
975 934 1041 992 grie,
1058 918 1167 990 inquis,
1183 927 1243 989 post
1262 916 1424 988 baptismum
1438 926 1571 989 perenni,
1585 918 1613 974 in
1624 918 1715 977 Adanu
1728 936 1772 992 pe-

133 1018 370 1074 brosasoanernes
391 1011 486 1069 relicta
506 1010 568 1068 lnce
588 1008 771 1080 transfugere,
792 1023 853 1066 eum
876 1022 926 1081 per
976 1021 1066 1081 reunt,
1089 1012 1152 1084 qnia
1173 1002 1201 1067 in'
1219 1010 1353 1082 baptismo
1377 1025 1431 1067 non
1456 1009 1641 1068 crediderunt.
1658 1010 1773 1072 licerius

132 1109 222 1180 omnia
243 1106 381 1165 roiunrina
396 1119 482 1161 sacrse
495 1103 593 1160 litterar
606 1101 746 1160 euidenter
758 1101 871 1158 liberum
886 1101 924 1158 lo
975 1103 1082 1162 diceres
1104 1103 1165 1161 ideo
1185 1117 1233 1161 eos
1254 1103 1367 1175 periisse
1386 1111 1447 1175 post
1460 1103 1642 1177 baptismum,
1661 1107 1726 1179 qnia
1738 1106 1771 1167 al

132 1210 249 1273 guantur
268 1198 422 1256 arbitrium.
437 1196 507 1266 Quid
521 1195 635 1252 rationis
648 1205 692 1270 est
705 1204 734 1251 ut
756 1194 926 1273 interrogare
975 1199 1070 1270 gratie
1087 1198 1187 1255 donum
1208 1199 1322 1270 jungere
1344 1198 1488 1256 noluerunt
1511 1197 1614 1256 loboris
1638 1197 1770 1270 oldoinus,

133 1296 200 1353 reiis
214 1292 330 1361 occulta,
341 1307 403 1349 cum
415 1288 592 1348 sollicitudini
602 1296 655 1344 ture
666 1286 824 1360 plenissime
833 1287 926 1343 rideas
976 1293 1039 1363 rgoie
1054 1306 1102 1349 eos
1113 1290 1316 1351 comnernttots
1329 1289 1503 1362 negligentia,
1513 1290 1770 1364 cordisquedesieir

133 1385 303 1460 respondere
314 1382 475 1442 manilestat
488 1380 559 1451 Quid
572 1380 696 1437 utilitatis
704 1387 747 1436 ert
758 1388 832 1436 certa
847 1379 927 1435 orult·
977 1382 1145 1455 avigilontia
1159 1382 1266 1454 operis,
1281 1390 1309 1439 et
1321 1394 1336 1437 a
1347 1380 1470 1437 sollicite
1480 1380 1622 1439 seruitutis
1636 1382 1772 1440 reroesrts

133 1491 192 1540 tere
206 1520 215 1549 ,
234 1488 261 1537 et
274 1479 378 1536 incerte
400 1475 542 1533 ccrmnlere
554 1512 563 1542 ,
575 1474 610 1530 de
624 1472 722 1544 quibus
736 1471 803 1527 nibil
822 1471 927 1528 invenis
977 1475 1119 1533 industrie.
1131 1475 1209 1544 Quod
1223 1476 1247 1532 si
1261 1475 1338 1548 eulpa
1350 1474 1548 1534 incredulitatis
1560 1484 1701 1535 causaest
1713 1491 1774 1550 per.

133 1571 266 1631 catholica
290 1568 407 1626 lectione
419 1563 692 1638 conscriptnmllion
713 1562 838 1635 intelligis
854 1563 926 1635 guod
977 1566 1102 1635 ditionis,
1124 1566 1189 1638 qnid
1210 1567 1245 1624 de
1258 1566 1377 1638 penulis
1391 1566 1560 1635 sentiemus,
1574 1567 1678 1640 gelbus
1690 1567 1774 1641 iupa·

134 1666 162 1724 in
177 1664 304 1723 'ueritatis
319 1661 445 1734 iniuriam
460 1657 657 1732 perscrutaris,
677 1656 807 1729 quidquid
828 1655 928 1711 veritat
978 1668 1085 1717 rentum
1096 1659 1286 1729 devotionem
1294 1659 1323 1717 in
1334 1659 1459 1717 lactentis
1468 1659 1590 1718 iniantie
1600 1659 1792 1735 sinptieirate

135 1757 206 1815 seire
220 1765 247 1813 te
269 1753 377 1812 noluiti
396 1748 537 1809 blateriarn
563 1749 598 1807 de
617 1748 693 1806 liberi
706 1747 808 1804 arbitrii
822 1746 928 1804 ratione
941 1739 967 1803 lt
979 1752 1091 1823 integre
1114 1751 1176 1808 illei
1198 1751 1337 1824 pervigilia
1351 1751 1524 1823 deputentnr,
1545 1752 1592 1825 gni
1603 1751 1709 1825 absque
1720 1752 1788 1813 ullo

134 1846 279 1924 proponis,
295 1854 324 1903 et
339 1845 374 1902 ad
384 1843 581 1902 discutiendum
592 1839 821 1899 iniantiestaturn
835 1839 927 1910 perni·
979 1843 1145 1902 inlideiitrtis
1160 1841 1281 1914 periculo
1300 1841 1469 1900 immaculata
1483 1842 1704 1917 regeneratione
1715 1859 1836 1903 me—

135 1942 209 1998 eioeo
223 1953 318 1997 errore
330 1935 475 2006 dilaberis,
489 1935 516 1992 in
535 1949 589 2007 gno
602 1932 703 1990 nullum
724 1931 832 2004 penitus
846 1930 928 1986 resti·
979 1949 1044 1993 nero
1065 1942 1288 2005 consequuntur,
1302 1943 1330 1992 et
1345 1934 1421 1992 multi
1435 1950 1528 1993 eornm
1543 1950 1675 2008 processu
1689 1938 1836 1996 erad-

139 2035 213 2106 giuur
224 2031 300 2090 liberi
315 2030 429 2096 arbitrii,
444 2028 548 2087 nullum
559 2040 690 2100 apparere
703 2032 792 2099 potest
811 2022 928 2096 proprios
979 2027 1008 2085 io
1021 2027 1117 2085 mortis
1128 2026 1276 2099 precipuis
1286 2026 1496 2100 demerguntnrt
1505 2027 1573 2098 Qee
1584 2025 1613 2085 id
1626 2028 1699 2089 ratio
1710 2032 1797 2106 agit.
1820 2070 1836 2089 .

135 2126 284 2186 uoluntatis
302 2125 440 2184 indicium.
979 2122 1032 2179 nisi
1044 2121 1107 2194 quia
1121 2121 1266 2193 eaprrgwi
1280 2136 1310 2178 se
1322 2122 1458 2193 peliuntur
1471 2122 1752 2197 ignaria'retolreate
1761 2126 1832 2183 t

361 2210 368 2223 “
433 2215 547 2276 cetur
566 2213 625 2271 llll.
979 2213 1144 2271 Erroneam
1157 2227 1206 2270 cnr
1229 2213 1305 2271 iraeti
1327 2212 1483 2271 riderentur
1503 2216 1642 2287 esposuit.
1658 2215 1836 2290 mmm

135 2309 232 2370 coebo
260 2306 309 2364 iroo
326 2306 396 2390 guod
425 2306 533 2374 dicent,
553 2320 595 2362 eos
622 2304 665 2374 gni
691 2313 748 2376 port
771 2303 929 2388 baptismum
981 2305 1199 2376 increduiitatem,
1212 2306 1308 2378 lnquit,
1323 2306 1544 2376 frortirsrrt,nou
1558 2308 1653 2380 ntique
1666 2319 1836 2381 proptefle

207 2376 524 2451 pereant,mioptirmam
533 2376 631 2446 penitus
645 2374 856 2430 rroneredrdrrre.
981 2397 1186 2469 mmmmm·
1215 2396 1274 2455 No„
1294 2399 1439 2471 ,pedalem
1460 2413 1521 2457 ωε
1537 2400 1611 2457 epm
1631 2400 1836 2461 affl„-

173 2493 230 2550 lloc
251 2493 310 2549 ioco
325 2488 542 2561 respondendum
561 2497 618 2556 eet,
633 2489 659 2544 in
674 2504 728 2561 qno
748 2498 857 2545 aocmre
878 2489 929 2546 boe
979 2489 1031 2549 llei
1044 2489 1254 2548 munificentiam
1267 2488 1347 2547 docet
1359 2530 1368 2559 ,
1382 2489 1490 2562 quando
1501 2498 1530 2548 et
1542 2503 1592 2547 eos
1605 2505 1674 2563 gnos
1685 2491 1836 2553 ines-e

136 2560 928 2656 tegtsfstsqoodmroretocassererepresnmntuscnnin
980 2583 1102 2641 dulitatis
1119 2584 1224 2656 arguit,
1239 2584 1352 2643 credere
1372 2583 1491 2656 potuisse
1513 2583 1695 2646 demonstrat.
1715 2585 1836 2658 Quor

138 2674 276 2748 baptismo
290 2673 392 2732 aboleri
404 2682 541 2743 peecatum
556 2666 686 2745 originale
696 2687 750 2729 non
760 2673 888 2745 deneges,
901 2682 930 2731 et
979 2688 1080 2746 genere
1095 2674 1175 2731 etiam
1190 2672 1315 2731 inlldelcr
1334 2674 1439 2745 copiam
1462 2673 1524 2731 ildei
1538 2676 1678 2747 accepisse
1690 2677 1790 2734 maui-
1799 2676 1836 2733 i

138 2766 245 2826 drrnnm
270 2778 333 2823 esse
354 2762 488 2837 baptisma
512 2764 717 2834 comprobetur,
744 2763 789 2822 ubi
815 2763 930 2821 indiuisa
980 2767 1079 2835 iestnt,
1093 2778 1121 2827 et
1139 2768 1203 2827 ιΙιιιιι
1216 2769 1251 2826 de
1266 2769 1433 2826 naturalibus
1455 2769 1555 2828 irretos
1564 2760 1659 2840 dicit,
1674 2784 1836 2843 prese-1

137 2846 256 2917 Trinitas
275 2857 429 2922 inmitti.
443 2852 478 2910 dl
499 2867 594 2912 “litt
608 2853 705 2926 utlibet
717 2852 868 2926 baptisatus
881 2854 931 2910 ad·
980 2868 1085 2919 nentes
1109 2860 1248 2919 sainriiera
1272 2859 1449 2933 castigatione
1469 2862 1653 2935 compressit:
1670 2862 1719 2933 Si,
1732 2862 1836 2922 ιιι-ιι

138 2949 191 3009 nne
204 2950 274 3008 intra
298 2947 417 3005 debitum
439 2946 571 3019 originale
591 2946 741 3006 comiserit
754 2947 790 3004 Et
802 2946 871 3019 ipsi,
886 2947 929 3004 in·
979 2955 1055 3026 quit,
1066 2952 1228 3009 naturalitate
1240 2953 1319 3010 roseis
1335 2969 1386 3010 ιιιιι
1400 2954 1524 3027 pepercit,
1537 2970 1571 3010 ιιι
1586 2958 1653 3026 [orte
1665 2970 1713 3011 rree
1725 2952 1836 3011 ned

138 3046 211 3121 gnis,
223 3046 250 3102 in
261 3042 348 3103 Adam
363 3052 493 3117 pereunt,
506 3043 568 3116 quia
588 3043 616 3101 ln
629 3045 791 3116 baptismum
800 3060 855 3103 oon
868 3060 930 3105 cre·
982 3055 1083 3117 percon
1099 3047 1132 3103 Et
1144 3046 1273 3104 subdidit.
1287 3045 1322 3103 iit
1335 3047 1385 3113 iili,
1399 3047 1502 3119 inquit,
1526 3046 1610 3104 rison
1619 3062 1795 3120 ριιιιιιιι-
1806 3060 1836 3100 ε

142 3139 280 3197 didernnt.
295 3136 390 3193 llonne
399 3134 510 3207 tupaulo
520 3145 583 3193 sntc
593 3133 752 3202 dimiono
766 3137 931 3209 capescenda
943 3106 968 3176 ὓ
982 3139 1034 3195 rint
1047 3139 1075 3194 ris
1096 3139 1290 3207 incredulitate,
1307 3140 1471 3202 inseranmr
1484 3147 1573 3211 potere
1586 3147 1623 3196 cst
1639 3137 1710 3195 neas
1725 3139 1776 3196 ite·
1790 3153 1836 3193 s

138 3232 188 3307 liei
202 3231 272 3289 done
287 3229 405 3288 studium
416 3226 534 3286 bominis
543 3241 598 3299 non
610 3227 729 3315 requirit
749 3227 820 3286 Ecce
832 3239 860 3285 ιιι
874 3229 933 3302 ipse
982 3232 1161 3288 ramimerere
1172 3232 1243 3288 iiior.
1266 3231 1511 3306 ilagunninritatem
1525 3233 1617 3305 itaque
1630 3230 1674 3291 bic
1686 3241 1716 3290 et
1725 3232 1836 3291 Ιι-ιι

139 3308 359 3403 manifestissime
378 3322 515 3395 promeris
534 3322 594 3379 sine
611 3322 769 3393 accipientis
787 3321 932 3378 deuotione
982 3323 1236 3383 militatem'oordis
1254 3324 1410 3398 ulioqnitur.
1432 3325 1633 3394 linmiiitatern,
1648 3334 1678 3383 nt
1690 3328 1836 3399 etgniu

139 3413 245 3471 irritam
267 3428 330 3471 esse
343 3411 555 3471 munificentiam
574 3413 721 3486 largientis.
731 3413 789 3482 Tu,
803 3412 931 3484 ingnote,
983 3413 1101 3472 incertus
1112 3416 1370 3488 estiraugitinree13
1387 3417 1645 3489 magnanimitatem,
1656 3427 1686 3475 ut
1698 3429 1836 3491 spem

138 3504 199 3578 ipse
211 3505 356 3563 conllrmar
369 3504 429 3563 sine
443 3505 540 3562 merito
555 3505 629 3573 iidei,
643 3505 670 3562 id
684 3513 728 3562 est
738 3545 747 3574 ,
758 3504 821 3562 sine
835 3519 932 3576 ooope-
981 3508 1216 3577 remunerationis,
1231 3518 1260 3568 ιι
1273 3511 1318 3582 gui
1330 3511 1431 3568 irectns
1444 3519 1497 3580 est,
1512 3526 1568 3570 non
1578 3512 1708 3584 deponat.
1724 3507 1836 3571 stoi

144 3598 251 3655 ratione
262 3595 405 3667 uoluntatis
428 3596 570 3664 bonane,
582 3596 695 3670 gratiam
712 3596 778 3653 niiril
791 3596 930 3668 prodesse,
981 3615 1059 3657 ouem
1069 3601 1202 3672 perditem
1211 3612 1302 3674 pastor
1312 3602 1422 3660 sedulus
1432 3604 1581 3676 inquisivit,
1597 3612 1628 3663 et
1639 3605 1836 3664 inventrem

138 3696 166 3745 ιι
180 3686 314 3759 quomodo
326 3685 410 3755 dicis,
426 3695 511 3744 totunr
526 3686 598 3745 ileos
613 3687 663 3744 sibi
678 3686 712 3744 de
725 3695 797 3744 stetu
815 3686 932 3744 bominis
982 3692 1110 3765 subiectis
1124 3693 1157 3748 ad
1173 3694 1245 3751 ovile
1266 3692 1386 3751 toneris
1400 3696 1556 3766 reportarit.
1572 3694 1718 3765 Quomodo
1727 3705 1836 3753 ιι--ε

143 3779 312 3847 reservarit,
326 3789 353 3837 et
363 3778 430 3837 nibil
443 3780 546 3838 bomini
556 3779 647 3838 deditl
658 3781 727 3839 Ecce
741 3782 822 3839 otium
833 3794 931 3837 ιιιιιι-
981 3794 1106 3856 quentenr
1121 3786 1299 3858 relinqueret,
1321 3786 1367 3859 qui
1386 3788 1507 3859 seguiter
1520 3789 1605 3847 etiam
1619 3788 1793 3864 relinquen·-

139 3872 205 3931 dnnr
216 3872 382 3931 tmtentiaar
400 3881 473 3930 tuam
489 3872 639 3944 necipsnm
655 3873 705 3930 sibi
720 3872 931 3946 regenerationis
981 3877 1063 3934 temt
1100 3933 1104 3941 ,
1258 3876 1261 3881 “
1791 3894 1810 3901 -

138 3972 228 4036 potest
236 3973 361 4023 constare
376 3963 552 4037 mysterium,
567 3964 618 4021 nisi
634 3962 715 4021 bomo
726 3964 801 4036 justa
820 3963 929 4025 benedi·
1277 3949 1391 4009 GAPUT
1409 3951 1479 4009 XV!-

20 4106 23 4113 .
137 4058 235 4117 ctiomt
254 4058 353 4117 donum
373 4056 525 4116 adbibuerit
544 4057 711 4116 credulitatis
729 4056 865 4115 eiectum.
880 4059 929 4116 Cui
980 4062 1045 4123 Gorrt
1060 4064 1149 4120 n'isor
1170 4065 1239 4138 guod
1262 4064 1360 4133 dieunt,
1381 4065 1510 4124 Cirristarrs
1523 4081 1573 4123 uon
1591 4084 1640 4140 pro
1660 4068 1816 4124 emolire

138 4163 223 4223 negas
233 4159 370 4218 conatum,
382 4150 445 4221 guid
456 4149 491 4205 ab
504 4149 551 4206 iilo
564 4149 678 4221 requiris
692 4150 928 4207 assensnmttium
1017 4200 1025 4210 .
1236 4172 1240 4178 ·
1317 4144 1455 4194 ”wilm-

138 4254 227 4301 autern
246 4243 375 4314 propbeta
389 4240 483 4298 dieat:
499 4239 614 4297 Eminet
634 4256 707 4312 agee
728 4243 790 4297 vioe
808 4243 841 4298 de
854 4240 930 4299 les·
1017 4246 1158 4303 bominum
1169 4255 1291 4305 nostrum
1300 4247 1391 4306 lesu
1399 4248 1620 4306 cbristumainnt
1631 4249 1773 4316 humanans

138 4334 221 4389 sotem
236 4330 329 4404 (Zoni.
343 4331 411 4400 arr),
422 4329 555 4401 inquibus
568 4329 658 4386 ritulis
669 4330 748 4386 unde
762 4341 930 4389 sacramenta
981 4352 1090 4393 sernum
1106 4354 1158 4394 non
1174 4354 1223 4408 pro
1237 4339 1357 4396 omnium
1372 4339 1460 4397 salute
1472 4340 1641 4411 sumpsisse,
1662 4354 1713 4398 nee
1725 4353 1775 4412 pro

138 4425 261 4497 designat
271 4463 280 4490 ‚
303 4422 439 4494 quomodo
452 4421 511 4479 deri
525 4430 615 4494 potest
637 4432 666 4478 nt
681 4422 823 4479 innorstns
847 4423 929 4480 bomo
981 4428 1110 4486 omnibus
1118 4441 1252 4488 mortuum
1263 4446 1333 4489 esse.
1345 4431 1402 4489 iioc
1409 4431 1573 4490 omnimodis
1584 4432 1720 4490 eatboiiea
1730 4431 1772 4488 de·

138 4515 254 4573 deletam
276 4513 376 4570 noteris
389 4511 506 4569 bominis
519 4513 671 4570 cautionem
690 4528 782 4571 seeum
796 4514 929 4572 retinertl
943 4476 970 4538 ⁰
983 4527 1095 4576 restamr
1106 4520 1236 4577 Ecclesia.
1250 4519 1317 4577 llam
1332 4523 1355 4578 ei
1370 4524 1406 4579 ito
1419 4531 1503 4592 esset,
1513 4523 1649 4595 quomodo
1660 4524 1773 4597 Aposto-

136 4609 272 4683 guomodo
286 4609 345 4665 lieri
368 4617 459 4680 potest
471 4617 501 4665 nt
514 4622 575 4665 curn
590 4607 680 4666 debito
698 4607 764 4665 brim
778 4608 805 4664 in
819 4607 928 4667 cbristo
981 4610 1024 4666 lus
1038 4610 1161 4668 diceret:
1177 4611 1250 4669 Sient
1264 4612 1292 4669 irs
1316 4612 1399 4669 idom
1420 4614 1734 4682 connumeremur
1746 4616 1773 4671 ia

137 4702 277 4759 absolutus
290 4701 433 4773 reeorgntl
442 4699 584 4770 Quomodo
595 4700 654 4757 lieri
668 4708 758 4773 potest
770 4710 800 4757 ut
810 4700 845 4759 de
857 4703 927 4760 sacri
979 4702 1081 4760 (lirim
1092 4720 1177 4760 orrrner
1186 4705 1383 4776 oioiproirmtar
1394 4706 1431 4778 'li
1448 4706 1507 4764 Gor.
1523 4707 1707 4780 rriiiliediei
1720 4722 1773 4766 noa

137 4794 218 4851 iootis
233 4792 333 4864 irriguo
347 4807 407 4847 curn
430 4791 558 4864 adoptivo
572 4792 618 4848 bet
637 4790 726 4848 adbuc
743 4800 857 4849 mortem
872 4792 926 4849 rita
980 4804 1069 4866 potest
1091 4811 1139 4866 pro
1153 4805 1230 4866 porte
1245 4805 1341 4852 toturn.
1362 4798 1427 4854 llam
1442 4800 1513 4855 sicut
1525 4812 1587 4870 pars
1601 4797 1691 4869 prima
1708 4813 1770 4855 see-

136 4887 278 4960 parturiat,
295 4901 356 4943 cunr
369 4884 441 4942 dicat
451 4884 595 4956 tposrotns
610 4884 814 4958 :Qeimmesr'rr
824 4885 927 4943 cbristo
982 4886 1089 4963 lentio,
1109 4889 1237 4943 ostresio
1253 4889 1334 4944 Asiam
1348 4890 1510 4959 moriantur,
1525 4890 1666 4947 euidenter
1680 4898 1775 4949 estre·

137 4982 260 5054 inplicati
280 4981 360 5047 ertio,
383 4978 514 5036 Citristerrr
534 4979 654 5035 induistis
675 4978 748 5051 (cot.
768 4981 827 5052 tuli
848 4994 928 5052 quem
980 4976 1021 5032 dis
1044 4977 1103 5034 sine
1122 4978 1203 5036 dnbio
1218 4979 1351 5051 troconod
1365 4981 1503 5052 sequitur,
1524 4981 1550 5036 in
1567 4979 1673 5037 cbristo
1689 4997 1778 5039 errata

133 5061 228 5142 'utique
238 5070 329 5127 nullus
342 5068 456 5126 induere
471 5075 578 5140 potest,
592 5069 643 5124 nisi
662 5069 817 5127 indumenta
833 5072 927 5142 primas
980 5069 1184 5138 uisiproisrrusr,
1201 5070 1374 5128 nilriionrinos
1393 5071 1427 5128 ad
1441 5086 1536 5129 omnes
1550 5072 1577 5127 in
1589 5071 1777 5129 cbristoriri·

137 5163 283 5219 natisitatis
305 5162 420 5220 exuerit.
434 5163 482 5218 tini
495 5171 585 5218 antem
603 5159 637 5217 od
651 5161 812 5233 baptismum
832 5169 927 5234 sponte
980 5159 1112 5229 beandos,
1135 5176 1189 5219 non
1212 5177 1246 5218 cr
1265 5173 1353 5233 porte,
1378 5163 1426 5220 sed
1449 5163 1609 5235 generaliter
1636 5165 1780 5236 pertinere

137 5255 265 5321 ιιιιίιιιιι,
280 5253 443 5322 baptismum
458 5267 510 5309 non
530 5251 665 5323 proluisse
679 5254 781 5323 poteris
802 5253 925 5324 edocere,
981 5253 1125 5323 Apostolus
1140 5253 1279 5312 indicarit.
1294 5255 1377 5312 iidem
1397 5255 1478 5311 etiem
1490 5255 1563 5327 impii
1584 5269 1634 5326 per
1646 5257 1781 5315 virtute·

136 5363 197 5404 orror
208 5347 288 5404 etiam
303 5346 442 5414 iteretico,
455 5346 483 5402 in
497 5346 636 5403 Trinitatis
646 5347 756 5404 nomine
766 5354 924 5419 regenerato
980 5345 1187 5402 resurrectionis
1209 5345 1308 5402 Cirristi
1332 5346 1509 5404 resuscitandi
1531 5361 1593 5403 esse
1615 5345 1781 5416 credemur,

136 5451 238 5499 ιιιιιιιιιι
263 5455 312 5513 por
331 5454 361 5497 se
384 5440 469 5497 virtus
489 5440 547 5513 ipsa
561 5440 683 5514 mysterii
697 5441 833 5508 conieral,
848 5447 877 5496 nt
900 5437 925 5496 ai
958 5434 1044 5498 ,licet
1061 5435 1142 5493 etiarn
1168 5451 1221 5493 non
1232 5437 1370 5508 judicandi
1383 5478 1390 5505 ,
1405 5437 1452 5494 scd
1468 5437 1596 5508 puniendi
1620 5448 1782 5511 resurgant.

137 5532 309 5604 postmodum
333 5531 367 5589 ad
380 5530 481 5589 cbristi
505 5534 584 5590 isdem
603 5541 721 5590 transeat
735 5577 742 5600 ‚
758 5531 926 5604 baptismatis
979 5527 1047 5583 cnm
1057 5537 1148 5584 autern
1162 5528 1307 5601 Apostolus
1316 5530 1407 5585 dicet:
1421 5530 1473 5596 Qui
1487 5537 1523 5584 est
1537 5528 1650 5584 soloetor
1660 5531 1785 5586 omniurn

136 5622 278 5682 iteratione
293 5639 345 5682 non
362 5624 459 5696 egeati
470 5623 523 5682 Sed
536 5625 570 5679 ita
580 5632 710 5696 operante
721 5623 808 5694 gratia
818 5621 925 5679 abintus
979 5618 1122 5691 lominum,
1138 5623 1248 5677 nimime
1266 5622 1382 5691 fidelium
1398 5621 1426 5693 (i
1441 5622 1508 5679 Τιίιι.
1535 5621 1572 5691 ιι)
1588 5622 1681 5694 :qnod
1696 5622 1783 5692 dixit,

135 5713 283 5786 indicetur,
295 5727 323 5775 ut
340 5716 643 5793 reornnsbsnodtcsiooe
657 5715 811 5778 cirrismatis
829 5709 959 5794 indu-22,
980 5713 1092 5770 ιιιιιιιιιιιι
1111 5711 1314 5784 bominem-ad
1335 5715 1501 5785 propositum
1526 5712 1624 5771 diuinus
1644 5714 1785 5773 bonitatis

434 5808 455 5841 ,
1228 5802 1235 5815 .
1340 5812 1343 5817 ,
