3810 6254
81 278 133 338 tea
259 255 423 347 annuunt
442 272 474 328 nt
494 268 679 328 coronanti
697 257 839 327 crusec.
861 271 1011 328 t‘nnnnt.
1036 267 1304 336 connnnrnntos
1323 271 1533 342 ntsrootcos
1660 286 1713 347 tto

80 408 138 470 pete
158 391 277 456 docebat,
301 399 324 445 et
338 386 533 453 reconciliabat,·
554 385 619 440 aiios
639 399 671 439 ne
692 398 753 440 teas
771 385 870 440 animas
883 390 907 448 Α
922 396 1020 457 potest,
1032 399 1292 458 quemconstatnon
1304 399 1548 463 utrentemsolum.
1560 399 1712 472 sedetiam,

80 484 127 540 pra
147 464 254 520 tarenis
273 459 412 516 commodis
434 459 564 526 perderent
583 455 754 522 adntonebat,·
769 464 792 510 ct
807 473 869 525 qnos
921 468 1049 528 quantum
1064 461 1089 516 ei
1103 461 1143 516 las
1154 462 1211 529 luit
1230 474 1364 522 mortuum
1376 467 1404 522 in
1421 482 1468 524 eos
1481 470 1609 526 saeviisse.
1634 472 1714 531 iiorti

81 540 134 662 'll‘
147 530 284 660 ”llll
299 524 871 656 tiara:trition{tantillitati
921 530 1710 663 :illitttltlthtramittitl⁰⁰⁰⁰¹³⁰¹t⁵⁰·¹¹⁹

81 622 208 734 xcxiii?
217 621 359 745 coqit’atnnl’
377 617 481 751 isstpierl
495 638 786 749 tnalitinm,recersique
804 669 872 750 uelo-
923 616 1105 737 congessisse,
1117 623 1713 743 sacramentorauhnst’tinlxitfnrlglga'tflgliglseartll

80 751 143 803 citet
154 754 258 818 aqetettt
272 742 453 813 poenitientiam.
463 738 640 806 Etconfcrtatt
653 738 793 819 attenuentur
802 755 869 807 epus,
922 742 1050 798 ecclesias
1062 744 1185 800 redderet
1200 762 1327 817 unquam,
1342 760 1387 803 ant
1397 751 1552 808 restitueret
1562 753 1710 825 prittteqts.

81 830 105 874 ei
125 817 249 874 doctrine
267 813 321 868 sale
335 811 442 875 conditi,
458 808 645 878 cedetquebant
659 809 768 863 nlttattcs
791 808 872 864 harre-
922 814 1056 879 Quaestum
1072 830 1136 871 tero
1148 815 1237 873 inlecti
1248 828 1339 873 essent
1349 820 1488 876 catholicis
1499 833 1563 880 tunc
1582 826 1713 893 ampotis

80 893 144 945 ticos
156 903 215 943 cam
224 884 293 940 omni
303 882 407 952 fidncia.
416 879 460 937 Sic
471 879 580 960 mirabili
588 880 670 944 qratia
682 877 780 960 [aarum
788 878 870 947 fait...
923 882 1047 952 Vandali,
1059 885 1101 940 rel
1112 901 1147 941 ex
1157 901 1210 941 uno
1220 890 1345 956 exempto
1354 890 1443 959 colligi
1455 901 1553 959 potest,
1565 895 1636 965 quod
1646 895 1713 951 Pto·

81 970 109 1014 ut
128 954 360 1030 parietinisterinnt
381 950 562 1020 persecutionis
575 948 638 1018 {ides
654 947 778 1003 catiniaco
791 949 872 1005 incre·
922 953 1026 1024 copius,
1038 955 1090 1010 alia
1103 955 1288 1014 Trasamundo
1303 960 1362 1027 mus
1377 975 1454 1030 ecquo
1471 960 1575 1029 larem,
1588 964 1712 1021 illatoris}

82 1039 195 1085 nemum
216 1025 301 1099 patiar
319 1039 394 1094 qnam
411 1021 535 1091 deiectam
556 1020 690 1100 acciperet.
716 1016 773 1100 lma
787 1029 814 1074 ct
827 1034 872 1101 aa·
923 1022 1107 1081 vandalorum
1120 1026 1189 1081 liht
1206 1028 1329 1084 inseruit.
1342 1029 1439 1085 Narrat
1448 1031 1545 1101 quippe
1557 1034 1607 1090 iste
1618 1044 1712 1091 auctor

82 1102 137 1172 pite
150 1100 397 1166 utconqnetnntnn
417 1091 508 1146 Atinati
524 1089 658 1170 t'ulqettttt
672 1088 820 1145 doctrinam
835 1100 871 1147 tta
923 1092 983 1149 loco
1003 1093 1111 1151 laudato
1135 1097 1270 1154 vandalos
1290 1099 1419 1155 aduersus
1442 1101 1550 1159 usuros
1569 1105 1614 1173 qui
1639 1106 1712 1164 circa

85 1169 267 1240 praevaluisse.
287 1174 315 1220 ut
328 1165 359 1217 de
372 1162 543 1217 sacerdotibus
555 1170 605 1213 tots
620 1158 721 1229 (regem
732 1159 873 1229 alloquun·
924 1164 1052 1232 Tripolim
1072 1165 1224 1222 habitabant
1245 1168 1344 1224 heliam
1361 1170 1482 1227 illaturos
1498 1189 1505 1224 :
1522 1170 1612 1227 Prima
1626 1177 1713 1232 statim

82 1240 136 1312 tur)
146 1236 292 1296 reconciliet
310 1235 466 1302 aliquantas.
492 1227 603 1311 Praittdc
621 1231 670 1283 nisi
692 1229 873 1311 aitosabutne·
923 1236 964 1291 die
979 1246 1006 1288 att
1020 1246 1103 1290 castra
1113 1253 1230 1308 posuere,
1241 1239 1268 1293 itt
1279 1238 1485 1295 Christianorum
1499 1244 1713 1313 templaiadttatis

84 1312 130 1378 tis,
142 1309 233 1380 tciiqia
246 1316 333 1362 nostra
347 1304 459 1370 deficiet,
470 1313 494 1356 et
507 1316 677 1381 quicunquae
691 1301 763 1382 ttobts
776 1308 814 1354 esi
829 1301 873 1382 ba·
923 1306 994 1374 eqnis
1015 1307 1236 1378 anintantibutque
1256 1310 1324 1378 aliis,
1343 1311 1416 1364 nullo
1427 1310 1538 1369 ludibria
1559 1316 1713 1372 abstinentes

84 1381 205 1452 piiaalns,
219 1378 368 1432 leontonsion
378 1375 471 1427 iteruin
484 1370 633 1442 pradicabrt
645 1371 744 1438 publice
757 1386 872 1451 recanat·
924 1375 1025 1431 libidini
1036 1376 1185 1445 indulsisse,
1198 1389 1222 1441 et
1236 1396 1299 1449 qnos
1313 1382 1381 1434 nacti
1395 1392 1468 1435 etam
1480 1385 1633 1449 scanderes,
1655 1387 1713 1440 ala-

83 1451 182 1506 liatas:
201 1465 246 1503 nec
264 1447 287 1501 si
301 1444 503 1517 persecutionem
515 1440 623 1522 nolanis
635 1441 774 1508 salacitate,
790 1441 873 1522 timeri
925 1447 964 1513 pir
975 1447 1109 1517 inuitisque
1128 1449 1155 1501 in
1176 1458 1274 1519 terqutn
1287 1450 1429 1506 tuberibus
1440 1462 1541 1507 ιιιιιιοι
1555 1456 1666 1537 caepisse
1684 1473 1714 1512 aa

84 1521 176 1590 poterit
189 1519 283 1588 tepolis
301 1516 408 1572 saeuitia.
424 1512 534 1567 linitum
546 1528 640 1592 quippe
652 1510 873 1592 confortatricis-
924 1517 958 1568 ad
978 1517 1116 1571 ministeria
1132 1535 1190 1587 quac
1206 1535 1337 1574 sertorum
1357 1522 1485 1576 vilissimis
1503 1524 1606 1596 in'unqt
1622 1526 1713 1581 solent.

83 1592 169 1658 lesque
181 1591 241 1660 iacit
254 1603 339 1643 amnes
352 1585 483 1656 episcopas
494 1579 627 1651 Fulqentti
641 1591 786 1664 praesentata,
925 1585 981 1639 trec
993 1588 1139 1642 desinebant
1150 1589 1231 1658 perid
1242 1590 1411 1658 iterqaatidie
1429 1591 1505 1647 Vand
1533 1596 1542 1647 i
1554 1595 1642 1652 eadem
1655 1613 1715 1668 pcc·

83 1677 97 1723 s
119 1661 166 1718 ἢ.
190 1659 260 1716 iltuit
275 1660 364 1727 itaque
379 1671 433 1710 non
449 1652 594 1709 movebant
606 1652 699 1707 Arrana
712 1660 743 1732 ut
757 1653 872 1721 tulgan-
925 1673 993 1711 aare.
1007 1657 1059 1711 Sed
1074 1658 1132 1713 istis
1145 1658 1258 1729 ahisque
1272 1662 1403 1727 ejusmodi
1419 1662 1582 1720 iecinoribus
1594 1667 1640 1721 oei
1656 1666 1715 1722 tin·

85 1733 151 1787 tium
163 1730 326 1798 Carthagine
340 1726 485 1796 pellerent3
505 1722 553 1779 sed
573 1722 743 1802 iis-assenttti
752 1737 810 1802 ¹non
826 1737 874 1793 po·
887 1759 911 1817 B
924 1727 1023 1781 dictant
1035 1728 1062 1782 in
1076 1733 1180 1797 scipsos
1190 1732 1365 1796 concitantes,
1377 1730 1460 1800 iugali
1476 1734 1607 1805 planeque
1620 1752 1635 1791 a
1650 1737 1714 1792 bat-

85 1810 156 1858 terst
167 1798 379 1862 Trasamuudus,
390 1796 435 1864 qui
445 1795 552 1849 heatnm
563 1800 723 1873 enitentem,
736 1807 792 1848 stre
802 1792 873 1863 quod
925 1798 997 1854 heris
1010 1797 1075 1853 uicti
1087 1801 1173 1866 inere,
1188 1807 1268 1869 atque
1279 1801 1358 1870 paulo
1370 1810 1430 1870 post
1439 1801 1640 1862 Trasatnundus
1651 1823 1714 1864 mte-

85 1874 170 1943 ipsius
183 1871 332 1927 doctinam
344 1879 371 1924 et
385 1868 497 1922 virtutes
509 1872 651 1929 retentus,
663 1862 729 1917 nthtl
743 1863 874 1944 aduersus
925 1883 986 1924 rote
999 1869 1138 1925 coniectus
1150 1871 1266 1926 excessit
1278 1887 1293 1926 e
1303 1872 1367 1940 uita,
1378 1886 1450 1928 attno
1464 1875 1577 1940 {lindie
1588 1878 1623 1932 28
1689 1879 1714 1949 7

84 1959 145 1999 eant
161 1941 308 1998 decernere
323 1939 412 2000 tellet.
431 1936 491 1992 site
504 1933 575 2005 quod
587 1948 621 1988 eo
636 1943 712 1994 caclo
732 1948 762 2014 ξι
776 1943 874 1989 tactum
925 1939 997 2007 ldaii,
1013 1941 1051 1994 uti
1065 1942 1160 2010 prohat
1172 1940 1293 1998 Neritius
1305 1941 1430 2000 historic
1445 1943 1595 2017 Pelagianos
1614 1949 1631 2004 li
1655 1989 1662 2004 .
1682 1964 1714 2018 n,

84 2014 168 2070 luisse
179 2011 353 2083 patentiori
367 2009 512 2070 rideretur,
532 2008 602 2059 inita
621 2002 800 2074 Cat·tltoqtncm
814 2004 874 2059 ditt-
925 2024 984 2079 esp.
1000 2008 1045 2064 bt.

85 2085 135 2138 tius
144 2086 253 2139 retimm
266 2082 383 2137 uolebat.
397 2077 430 2133 Et
440 2075 549 2146 quidem
562 2075 669 2130 nonnisi
683 2089 776 2144 nraqtra
791 2091 876 2129 neces·
1134 2105 1138 2116 =
1222 2080 1337 2139 CAPUT
1355 2082 1415 2139 xit,

84 2150 405 2216 ⁸5l01200i3l1502⁸⁸⁸r⁸¹¹l⁸
420 2148 470 2217 ³⁹³¹
490 2146 640 2226 iml'm'u'l'e
659 2146 873 2225 ⁵¹¹ilss³¹⁰¹¹¹lb¹¹lr
1085 2173 1144 2227 Pac
1159 2172 1279 2229 Ecclesiae
1293 2175 1422 2247 Africana
1432 2177 1556 2234 restituta.

84 2224 155 2295 qnod
170 2225 238 2279 alias
257 2223 356 2278 itustre
370 2220 499 2274 adversus
512 2215 659 2271 catholicos
672 2215 817 2280 laboraret,
833 2230 875 2269 nt·

85 2295 176 2364 biiqtte
189 2309 266 2350 suam
286 2301 368 2348 sectae
386 2305 441 2345 suc
451 2286 585 2371 prolicere
601 2300 679 2353 posse
698 2284 873 2369 diligentiam,
962 2286 988 2342 l.
1004 2286 1041 2342 Er
1053 2288 1229 2370 Trnsamundi
1244 2299 1330 2373 morte
1341 2300 1441 2374 nirenta
1457 2303 1498 2350 est
1517 2312 1627 2354 ommno
1640 2303 1713 2360 hiri·
1783 2311 1787 2318 '

85 2355 757 2501 thail.itiatittitrttt‘tniittllh
771 2370 874 2483 ihil
925 2358 1714 2509 ritttit¹tttitthlthifbornilltthltl

84 2508 210 2570 amansii,
225 2520 257 2560 ee
277 2514 366 2559 croco
389 2502 448 2571 lege
469 2509 499 2554 ut
512 2500 539 2552 nt
561 2508 641 2553 noctu
654 2507 682 2553 et
694 2498 762 2551 dant
778 2497 875 2566 populo
927 2500 1031 2567 picatis,
1047 2497 1168 2554 Ecclesiae
1183 2501 1315 2555 catholicoe
1329 2517 1375 2569 pet
1388 2503 1502 2572 cliricum
1521 2511 1665 2566 corastittrtae
1680 2514 1713 2567 ii-

87 2578 172 2632 iierct.
279 2574 332 2632 Sed
342 2573 413 2630 ectri
428 2572 468 2626 sui
486 2567 649 2638 triumphum
664 2568 800 2637 poblicum
814 2582 875 2624 esse
925 2569 1046 2623 bertatetn
1056 2572 1198 2633 restituent,
1208 2569 1401 2642 Garrireqincnsi
1411 2575 1477 2640 plebi
1490 2581 1623 2647 proprium
1633 2584 1714 2642 dona,

87 2647 171 2703 soluit
210 2663 258 2702 eus
278 2664 285 2700 ι
300 2644 421 2716 mnitibus
435 2656 532 2710 nempe
545 2655 578 2694 ee
590 2641 697 2693 adcemo
712 2638 801 2707 centis,
816 2640 875 2708 pits·
925 2640 960 2693 uit
967 2640 1116 2704 antistitem,
1125 2642 1304 2711 cunctisquein
1315 2643 1376 2697 iacis
1386 2645 1715 2722 rrattnononesponttpcnrs

86 2718 166 2773 timos
178 2717 233 2772 dies
247 2715 426 2789 (Fuigentius)
447 2714 479 2773 itt¹
494 2713 579 2765 littore
592 2709 721 2777 trenorcii,
738 2710 773 2762 ita
789 2718 817 2762 ut
830 2726 875 2778 pet
925 2709 983 2778 fieri
997 2711 1192 2766 clementissima
1203 2714 1356 2766 anctoritate
1368 2717 1507 2772 mentiaris.
1523 2718 1652 2776 Bonilacii
1667 2739 1714 2780 or·

87 2791 140 2842 dics
152 2789 277 2859 ρικιὶιιιιι
287 2787 369 2840 otnnis
386 2800 448 2857 pene
463 2783 526 2836 ilina
536 2781 624 2837 ciritae
638 2779 791 2843 conueniret,
807 2787 830 2834 ct
845 2780 876 2834 de
925 2780 1089 2836 dinationent
1099 2781 1125 2836 itt
1136 2782 1348 2840 ecclesiaSaneti
1355 2784 1441 2852 Agilei
1451 2787 1519 2855 opud
1526 2790 1714 2861 Carthaginem

88 2875 165 2912 manu
184 2861 251 2930 eius,
270 2857 433 2926 tulelaciens,
449 2852 655 2906 cotttmunicatet.
669 2848 873 2919 Sicqnepostea
925 2849 983 2906 lieri
1011 2853 1170 2921 precepisse
1191 2852 1355 2908 llildcricum
1379 2854 1406 2907 in
1431 2858 1503 2926 tegni
1527 2861 1568 2913 sni
1591 2865 1712 2930 exordio,

90 2931 188 2998 iacente
205 2931 273 2983 setis
282 2927 414 2981 serenitate
428 2925 455 2977 in
469 2921 618 2977 Sardiniam
632 2929 784 2990 reportatus,
799 2935 875 2974 estu·
925 2921 1047 2976 restitute
1062 2921 1186 2977 omnihus
1203 2922 1342 2977 catholicis
1361 2922 1496 2993 libertate,
1511 2936 1624 2985 testatur
1637 2940 1714 2990 retus

88 3000 196 3053 hirriunt
214 2999 420 3070 coepiscoporum
433 2993 504 3048 iratos
525 2993 623 3045 anonas
639 2991 793 3044 reddidit....
813 3006 875 3044 cart·
926 3002 1019 3046 auctor
1029 2991 1170 3061 fragmenti
1181 2992 1286 3048 Tironis
1298 2992 1426 3049 citrottico
1437 2998 1570 3066 subjuncti
1581 3002 1653 3069 apud
1665 3005 1714 3060 Gn
1738 3010 1742 3016 '

89 3070 246 3125 currentibus
261 3068 323 3122 uadi
342 3084 372 3121 ue
388 3081 446 3119 aunt
458 3063 553 3134 qaudia
565 3058 717 3124 Chrisnanis
731 3060 874 3117 hominibus
926 3061 1035 3116 nisium.
1046 3064 1081 3116 At
1093 3062 1182 3118 Victor
1192 3061 1380 3119 Tunnonensis
1391 3067 1532 3137 episcopus
1541 3071 1567 3124 in
1579 3071 1714 3130 Chronico

88 3139 172 3195 erim
181 3139 303 3194 stiterunt
316 3085 411 3193 (lirino
426 3135 603 3204 fortissimum,
617 3132 662 3201 qui
675 3131 810 3211 certamine
823 3133 875 3185 sin·
888 3130 914 3197 c
925 3132 1064 3187 contendit
1078 3133 1105 3187 id
1117 3133 1153 3187 ab
1172 3132 1310 3189 ilildetico
1327 3143 1470 3205 entequmu
1489 3153 1600 3208 regnum
1620 3156 1713 3214 capes·

87 3209 173 3280 palari
181 3210 305 3266 meirade
313 3209 436 3280 impetam
445 3204 512 3275 repis
523 3205 642 3274 ireqnat,
650 3201 684 3255 ati
697 3202 781 3254 droirm
791 3212 876 3255 castra
925 3212 998 3258 seret
1018 3204 1167 3273 praestitum
1188 3202 1295 3259 luisse:
1319 3206 1391 3275 quod
1414 3206 1505 3276 ipses
1528 3210 1714 3272 'trasemundo

87 3279 197 3336 rediisse
214 3279 357 3350 insipeibus
382 3276 475 3331 iaurds
504 3276 666 3327 adornatam.
691 3271 825 3327 ltetersus
848 3273 875 3326 iu
926 3284 1096 3331 meretricata
1111 3273 1205 3328 tntsset
1225 3273 1379 3344 obstrictus,
1397 3279 1433 3330 uti
1454 3281 1663 3352 supradiximus,
1679 3300 1714 3343 ne

88 3351 214 3407 exsilium
228 3349 393 3420 Fuigentius,
408 3342 612 3408 monasterium,
627 3341 797 3411 permittente
809 3341 877 3395 Bru·
926 3355 1099 3413 posteaquam
1114 3359 1226 3414 regnum
1246 3345 1341 3401 luisset
1359 3346 1482 3416 adeptus,
1504 3351 1642 3409 catltolicis
1660 3369 1712 3411 utt-

88 3422 168 3476 tttatia
190 3436 249 3488 seu,
265 3430 294 3473 nt
306 3419 351 3474 alii
372 3419 503 3484 scribunt,
529 3413 667 3478 Primasio,
692 3421 738 3465 aut
755 3411 875 3478 Viliatco,
926 3428 1006 3480 qoam
1019 3418 1174 3471 restitueret
1189 3415 1347 3470 libertatem.
1366 3417 1495 3485 liiideria,
1517 3420 1612 3493 iuquit,
1627 3426 1714 3495 quies

88 3491 241 3547 Calantum
255 3491 392 3559 episcopo,
406 3501 488 3558 prope
503 3482 724 3554 tattctitnartyris
738 3482 876 3538 Saturnini
931 3483 1106 3539 Valentiniani
1129 3487 1288 3554 inportatis
1305 3485 1361 3554 iilia
1382 3504 1398 3541 a
1415 3487 1529 3545 Giurico
1548 3496 1676 3563 captirata
1690 3508 1714 3552 et

89 3561 237 3629 basilicam,
252 3570 328 3618 extra
342 3559 522 3616 urbismuros
541 3558 702 3619 construxit,
714 3553 758 3608 uhi
772 3569 877 3623 conpte-
928 3553 1153 3638 llqnericojuncta
1166 3566 1242 3610 natus
1255 3565 1300 3625 est,
1313 3559 1424 3627 teqnacit
1435 3561 1536 3615 anniti
1551 3565 1677 3620 mensibus
1686 3568 1713 3623 tt.

89 3634 154 3704 poto
184 3633 340 3706 usdruqitttu
351 3639 375 3685 ei
388 3628 501 3694 anplius
523 3624 655 3695 (tornius,
670 3624 814 3695 disciplinae
828 3640 878 3679 aa·
928 3625 980 3679 lito
990 3642 1049 3696 erqo
1067 3634 1226 3680 mmamenta
1241 3641 1256 3678 a
1271 3627 1400 3681 decessore
1413 3645 1460 3682 sua
1475 3629 1653 3688 Trasamnndo
1667 3638 1713 3692 ab·

89 3649 200 3759 sobiolla
209 3703 327 3758 ordinent
336 3700 470 3758 cudodioit
482 3698 608 3761 ilicetum,
619 3695 708 3765 ibique
719 3697 781 3776 ritae
789 3705 877 3777 aucte·
927 3697 1028 3750 strictio
1042 3714 1073 3750 rte
1081 3696 1216 3777 catholicis
1230 3697 1256 3749 irs
1266 3711 1343 3767 teqao
1353 3713 1399 3752 sna
1410 3707 1455 3753 ant
1465 3702 1581 3756 eceledm
1592 3706 1714 3776 apetiret,

89 3773 169 3831 tlotle
188 3775 328 3843 ιιιιιηιΙο,
350 3782 377 3828 et
398 3769 516 3841 scriptis,
532 3768 628 3838 quibus
650 3766 797 3821 Ecclesiam
813 3765 875 3820 tilu-
927 3777 971 3819 aur
997 3767 1128 3837 priciieqia
1150 3773 1310 3832 restatuetet,
1335 3768 1483 3837 priusquam
1507 3782 1644 3842 rcqttarei,
1668 3791 1715 3830 nec

89 3846 209 3910 sttahm,
223 3843 400 3900 contusionis
420 3855 475 3895 suc
495 3839 606 3909 gloriam
620 3836 770 3906 adaugens,
793 3851 878 3904 nsque
926 3838 1080 3891 samamenti
1093 3837 1213 3890 terminat
1234 3838 1384 3905 preteriret,
1405 3840 1520 3906 praecipit
1532 3851 1557 3895 ct
1570 3846 1714 3900 smndctes

89 3913 124 3971 uti
134 3915 312 3971 cammunti
323 3923 436 3969 tnottem
452 3910 616 3981 perdurarit.
927 3909 1066 3961 catholicos
1076 3907 1108 3960 ab
1119 3907 1210 3961 casilia
1219 3907 1312 3973 todire,
1327 3908 1445 3962 scrinias
1458 3911 1575 3979 apetire;
1597 3922 1620 3966 et
1633 3913 1714 3968 lioni-

124 3985 171 4042 25.
185 3985 257 4055 Quid
275 3999 340 4040 tero
354 3994 413 4052 post
426 3980 559 4051 Fulgentli
577 3994 609 4033 er
625 3976 715 4032 hitica
730 3976 876 4032 discessum
927 3978 1022 4048 faciunt
1033 3993 1090 4030 cunt
1110 3975 1267 4049 doqmaiilrne
1284 3976 1376 4030 diuinis
1388 3979 1450 4031 satis
1465 3987 1608 4049 strenuum,
1621 3984 1655 4036 ad
1667 4001 1714 4052 po·

90 4057 223 4113 edtctstts
238 4055 405 4112 orthodoxos
423 4052 573 4107 decreverit
595 4046 804 4114 Trasamundus,
829 4061 878 4101 au·
927 4048 1089 4101 astrictionem
1100 4049 1174 4101 totins
1186 4044 1469 4118 urbisdartbaqinensit
1483 4048 1604 4105 Ecclesia
1615 4055 1714 4120 epitom

90 4139 180 4184 ctotes
192 4142 247 4183 non
260 4127 396 4183 referiunt:
410 4121 532 4193 qttatntis
546 4119 692 4176 verisimile
706 4120 741 4172 sit
752 4121 876 4182 hriattos,
927 4134 989 4188 punt
997 4119 1158 4171 consenuerit.
1175 4117 1245 4171 ldent
1257 4124 1369 4171 instatur
1380 4117 1496 4174 isidorus
1507 4119 1534 4175 iu
1545 4121 1619 4178 breti
1629 4121 1714 4180 Chro-

89 4199 198 4254 sshlato
212 4208 266 4252 tsm
284 4195 459 4252 imictissinto
479 4192 540 4248 ttdci
559 4190 711 4257 ostensore,
736 4190 807 4258 tegis
821 4187 878 4243 atti·
928 4191 989 4244 nico
1005 4187 1184 4242 Vartdalotum
1195 4202 1248 4241 teta
1259 4186 1321 4243 aba.
1333 4188 1417 4243 Porro
1428 4198 1501 4244 tenta
1515 4191 1639 4248 liiidctfci
1650 4209 1713 4264 etqa

89 4284 165 4325 munt
189 4269 217 4323 in
237 4276 350 4324 ceteros
363 4276 546 4334 exasperasse.
567 4260 767 4315 Commemorat
785 4270 878 4314 auctor
927 4258 1074 4315 catholicos
1085 4259 1268 4314 benevolentia
1280 4259 1415 4313 nonttnitis
1427 4262 1581 4329 persuasiti
1601 4278 1659 4320 suut
1670 4278 1712 4320 ca·

90 4339 160 4396 litae
173 4353 247 4408 sepe
260 4338 397 4404 laudatus,
413 4334 581 4415 Fulgetttinm
601 4347 631 4384 eo
647 4341 757 4400 tentpore
771 4328 879 4384 Cartha·
928 4330 1053 4386 thelicam
1063 4278 1651 4399 ouemprofessumtntssonnnnteotturllrrn
1661 4349 1711 4391 trra·

88 4408 238 4484 pinensilut
251 4409 396 4479 epistolam,
407 4405 508 4459 subirm
518 4402 693 4456 exhortatione
707 4400 875 4471 perspicuant,
930 4412 1021 4455 tresue
1028 4398 1715 4473 accepisset.llamtemenmansuetudiniipsiinualae

86 4481 133 4536 siri
143 4495 209 4552 pene
226 4487 329 4534 euneos
343 4476 416 4532 dolos
433 4484 457 4530 et
475 4473 580 4544 [allecia
594 4472 776 4534 blandimenta,
787 4470 877 4539 quibus
892 4497 917 4559 D
930 4474 1017 4541 potins
1028 4470 1194 4525 referendam
1214 4483 1274 4525 esse
1285 4470 1329 4523 aiii
1348 4480 1468 4536 censent,
1481 4487 1553 4539 cum,
1568 4482 1635 4529 testo
1647 4475 1714 4530 Pro·

85 4551 209 4624 infelices
226 4549 410 4604 seducebantur
430 4548 522 4598 anianae
541 4544 574 4595 ad
597 4552 712 4605 mortem,
728 4541 878 4611 qratissima
930 4542 1017 4611 sopio,
1031 4541 1095 4595 ttulli
1110 4555 1238 4611 unquam,
1258 4552 1307 4594 ttcc
1326 4539 1466 4596 catholicis
1483 4556 1534 4598 rtcc
1548 4543 1609 4600 aliis
1622 4547 1715 4615 gratie

83 4622 273 4692 conquatioae
285 4619 427 4691 deposuisse.
445 4615 477 4670 lli
493 4621 587 4682 aperta
607 4614 634 4666 in
651 4611 815 4665 orthodoxos
829 4624 879 4665 se·
929 4611 1019 4667 luerit.

82 4693 175 4747 vitum
190 4687 275 4747 luisse
286 4690 373 4745 innuit
385 4688 442 4757 ipse
461 4684 625 4754 rntqcrntns,
645 4684 701 4738 site
711 4683 799 4751 quivis
810 4682 879 4737 alins
966 4681 992 4734 2.
1006 4681 1170 4735 iterationem
1186 4679 1275 4749 populi
1288 4679 1517 4753 carthaginensis,
1533 4698 1585 4754 qua
1596 4686 1715 4756 gratula-

82 4772 188 4819 auotot
200 4761 262 4815 libri
282 4760 326 4831 qni
346 4763 415 4814 inter
430 4758 606 4826 ipsiusopetn
621 4753 749 4807 adnotans
762 4749 878 4817 Pintam,
931 4751 1038 4808 hundos
1057 4751 1161 4819 excepit
1183 4758 1289 4804 sanctos
1308 4750 1486 4817 confessores,
1510 4767 1541 4808 ac
1567 4757 1716 4821 prasertim

81 4842 155 4888 tunc
175 4831 307 4899 temporis
320 4830 447 4884 Asianum
470 4825 637 4895 episcopum,
664 4823 827 4877 inscribitur.
843 4821 880 4875 tbi
932 4821 1112 4891 Fulgentium
1131 4819 1165 4873 ab
1184 4819 1280 4875 exsilio
1302 4820 1455 4887 redeuntes,
1477 4823 1604 4879 describit
1624 4836 1717 4881 auctor

79 4906 207 4960 humero
219 4900 238 4955 b
251 4900 331 4956 lideru
353 4908 409 4954 tum
427 4898 547 4952 crevisse
559 4895 688 4965 probatur
709 4910 715 4944 ε
736 4909 780 4962 per
792 4891 882 4945 astilia
934 4892 1001 4945 Vita
1015 4888 1134 4959 eiusdem
1156 4891 1240 4944 sancti
1255 4888 1386 4959 Fulgentii
1405 4907 1463 4961 cap.
1484 4890 1518 4947 29
1534 4909 1541 4945 :
1560 4891 1716 4960 Resonabat,

77 4971 276 5038 ianuamtium,
290 4979 315 5024 et
329 4968 526 5040 promriptioncs
545 4968 705 5026 mimorum,
719 4971 742 5015 et
756 4971 880 5017 tottttente
933 4962 1029 5029 inquit,
1042 4961 1127 5013 diuina
1137 4959 1196 5014 laos
1205 4963 1361 5015 exotttnibus
1373 4963 1476 5032 linquis.
1486 4962 1525 5015 rid
1534 4966 1616 5017 sancti
1624 4965 1719 5036 qnippe

78 5054 110 5097 et
122 5041 320 5114 oppressionem
330 5056 360 5094 co
378 5040 495 5093 tinorum.
505 5036 577 5090 ldctn
588 5034 676 5102 colligi
684 5040 770 5102 potest
783 5047 816 5086 et
828 5032 880 5087 oo·
934 5032 1015 5102 dqilci
1028 5030 1160 5084 basilicam
1174 5046 1277 5099 sequens
1293 5032 1402 5101 populns
1417 5042 1439 5085 et
1450 5033 1604 5101 procedens,
1620 5036 1718 5106 conses-

76 5112 183 5170 ttiiacii
204 5110 323 5181 episcopi
365 5107 561 5178 srtnaqtnensts
576 5104 685 5175 epistola
698 5102 879 5157 adllissorcm
932 5117 1018 5156 satum
1036 5100 1166 5155 beatorum
1187 5103 1345 5168 triumphant
1367 5102 1474 5156 nobilem
1492 5101 1643 5159 celebrabat.
1665 5106 1719 5161 Sed

75 5179 229 5239 Numidiae
245 5181 395 5250 portamur,
413 5177 530 5233 mundo
549 5174 672 5230 thiderici
685 5189 755 5227 auito
770 5173 878 5240 scripta,
934 5171 1075 5242 singularis
1095 5179 1153 5226 etat
1172 5171 1291 5225 omnium
1306 5171 1333 5225 in
1350 5171 1456 5226 beatum
1472 5170 1640 5242 Fulgentium
1655 5174 1720 5232 alle·

73 5255 133 5311 tthi
149 5249 342 5322 sicioqnitnr:
359 5248 422 5303 Post
438 5247 591 5321 qrauiseinrte
608 5243 778 5297 initiationis
791 5245 881 5314 jopem
934 5250 1001 5297 ctus.
1021 5240 1080 5307 libi,
1100 5240 1187 5310 inquit
1201 5240 1268 5295 littae
1281 5242 1363 5308 ipsius
1375 5251 1477 5307 auctor,
1495 5242 1573 5310 iacies
1589 5242 1721 5318 i'uiqentii

74 5336 157 5388 pene
174 5321 319 5376 ardutium
430 5318 595 5372 communiter
610 5315 726 5369 uniuersa
745 5313 881 5383 prouinciae
934 5314 1066 5381 apparuit,
1085 5312 1460 5380 immensusnaseittstclanrot,
1474 5311 1720 5369 ttltereantibatsom·

74 5394 228 5467 Africana
240 5389 357 5445 tolerati
376 5387 501 5442 Ecclesia.
520 5385 620 5442 Eodertt
636 5384 692 5440 lete
703 5383 784 5437 modo
797 5382 882 5452 loqui·
933 5383 1008 5436 nibus
1028 5383 1085 5452 qais
1107 5382 1188 5449 priato
1207 5381 1330 5436 salutaret
1347 5383 1542 5454 aqnosccndunp,
1565 5385 1621 5453 quis
1645 5392 1721 5454 caput

74 5466 132 5521 tnr
154 5459 236 5517 Felix
248 5459 417 5516 Zacctensis
427 5458 579 5529 episcopus,
592 5455 722 5510 Numidiae
733 5454 834 5523 legatus
848 5451 882 5507 ad
933 5451 1089 5506 benedicenti
1103 5460 1266 5523 supponeret,
1279 5453 1335 5521 qnia
1350 5454 1467 5506 mirensis
1482 5455 1520 5507 aei
1531 5453 1621 5508 saltent
1633 5453 1720 5522 stipitis

77 5531 240 5590 canentum
251 5531 463 5602 Gurtltapinense
475 5527 525 5583 suh
541 5526 635 5582 eodem
650 5525 804 5582 lionliacio:
819 5522 883 5577 Post
933 5531 1071 5578 meteretur
1093 5530 1196 5591 tanpere
1215 5524 1382 5592 qradietticttt,
1399 5524 1456 5592 qnia
1481 5522 1565 5578 ridere
1581 5522 1618 5576 rel
1639 5521 1721 5575 ocniis

79 5600 246 5658 discrimina
263 5602 389 5666 esitiaiia,
402 5600 497 5670 lnquit,
517 5597 607 5670 quibus
621 5597 772 5667 perstrictim
783 5595 882 5663 episco-
934 5593 1024 5664 praem
1035 5600 1153 5647 tinnient.
1164 5594 1229 5647 Curti
1242 5607 1304 5646 tero
1314 5592 1442 5647 immensa
1453 5595 1539 5663 pluria
1550 5594 1643 5647 eodem
1656 5599 1721 5645 tent·

80 5673 160 5735 nelis
175 5670 262 5729 bonor
279 5672 423 5741 mojacebm
437 5676 558 5723 arctatus.
581 5666 615 5722 iit
636 5681 702 5722 sanc
721 5680 801 5721 nemo
821 5678 882 5720 eum
937 5678 1004 5733 pote
1025 5663 1235 5735 superteuisset,
1259 5662 1402 5740 impeditus
1423 5677 1478 5719 nou
1500 5670 1543 5718 eet
1563 5658 1722 5730 populorum

83 5743 214 5811 variter
228 5741 367 5837 'miscus
394 5738 554 5827 octonos·
567 5736 743 5825 exmndntete
770 5734 882 5816 inficiati
934 5737 1163 5807 mttcmsrupimo
1171 5733 1342 5802 tmtnmpacr
1352 5730 1474 5797 ιοιιιιιιιι
1483 5730 1604 5789 senten
1613 5727 1721 5817 cineus

901 5856 1219 5894 Ητιῐπῖἴιιιιπια
