3810 6254
86 348 138 404 253
535 349 579 404 bb
599 347 858 408 cunsbcbtloltlc
878 346 1070 404 VANUALle
1088 348 1152 405 tto.
1174 349 1217 405 lt:
1659 351 1711 407 tot

86 462 153 518 libus
167 459 275 530 expedit
288 467 318 514 ut
331 459 482 516 voluntarie
492 468 519 515 et
533 475 565 516 es
576 461 673 517 affectu
686 462 799 519 odorent
808 462 867 532 Spi·
880 459 992 529 Aouisi
1001 458 1168 515 Christianus
1180 466 1301 523 uocetur,
1314 465 1341 514 ιι
1355 473 1408 514 nott
1422 457 1499 515 interit
1508 459 1647 530 spiritalis,
1658 476 1709 520 nce

87 555 165 608 ritum
180 551 321 607 sanctum?
344 551 478 607 odoratur
491 561 581 608 autem
607 552 724 624 Spiritus
750 560 870 616 sanetus.
923 552 975 607 sibl
985 555 1050 607 satis
1066 551 1099 607 de
1114 552 1200 607 salute
1211 550 1335 607 confidat.

87 658 138 699 nco
149 645 227 715 qussi
240 645 384 714 separatim
400 638 476 700 mor'e
485 645 637 716 gentilium,
648 646 716 701 sicut
727 660 777 701 nec
788 644 887 711 Filius
958 641 1052 696 lllllll.
1062 642 1103 699 Sit
1116 656 1181 713 ergo
1196 642 1272 696 rrobis
1283 643 1427 698 securudutn
1441 643 1567 699 salutaris
1581 643 1708 714 baptismi

86 735 227 806 mparsrim
253 734 392 800 adoratur,
414 735 477 805 quia
500 735 526 791 in
549 735 658 792 dextera
675 736 763 792 Patris
786 745 842 801 est;
859 743 872 773 ⁸
924 733 1119 790 contorsiones
1131 733 1197 789 tides
1211 732 1313 804 integra
1329 735 1476 802 Trinitatis,
1490 736 1524 791 sit
1537 752 1589 791 una
1600 737 1708 792 deuotio

85 827 131 883 scd
144 841 205 882 cum
217 826 365 884 adoramus
380 827 501 895 Patrem.
516 828 651 885 credimus
672 844 721 883 uos
735 838 762 885 ιι
776 828 871 883 Filium
885 889 886 894 .
924 826 1030 896 pictatis
1045 843 1052 882 ι
1068 842 1118 884 ιιι
1131 839 1205 884 more
1215 828 1353 899 gentilium
1366 837 1526 898 potestatum
1540 830 1710 886 diversitates

85 926 111 973 et
122 916 252 989 Spiritum
265 927 388 976 sanctum
409 918 541 976 adorare:
564 921 624 991 quia
638 930 665 976 et
687 936 749 977 cum
774 919 886 978 Filium.
923 917 1075 990 opinemur,
1090 925 1137 975 aut
1151 926 1303 975 ereaturam
1328 930 1455 991 quantum
1475 921 1508 975 ad
1531 920 1658 977 deitatem
1680 920 1710 976 in

85 1008 251 1077 invocamus,
270 1009 378 1066 Patrem
399 1024 448 1065 nos
467 1010 602 1067 credimus
617 1011 754 1076 iuvocare,
772 1017 885 1080 etcum¹
924 1006 1056 1064 Trinitate
1070 1010 1247 1081 suspicemur.
1271 1009 1325 1066 Sed
1341 1025 1390 1067 nec
1413 1009 1566 1067 irrdaeoruru
1581 1011 1709 1068 scandalo

86 1099 194 1158 Patrem
215 1115 350 1173 rogamus,
366 1116 381 1156 a
396 1100 464 1158 Filio
483 1116 532 1158 nos
556 1101 677 1158 exaudiri
700 1092 870 1171 conlidimur,
923 1115 1091 1173 moveamur,
1105 1103 1148 1172 uui
1160 1102 1256 1158 Filium
1272 1102 1319 1157 liei
1335 1102 1387 1173 33
1397 1109 1504 1172 negant,
1519 1104 1564 1174 qui
1578 1105 1708 1175 Spiritum

84 1191 223 1262 sicutipse
239 1192 365 1248 doninus
376 1192 443 1248 dixit
458 1208 467 1247 :
484 1192 618 1260 Quidquid
628 1192 753 1264 petieritis
766 1191 885 1262 Putrem
923 1201 1046 1247 sanctum
1071 1208 1123 1247 nou
1143 1193 1272 1260 adorant;
1289 1193 1336 1249 sed
1352 1193 1439 1263 potius
1455 1194 1600 1264 perfectam
1615 1195 1708 1252 Triui-

84 1282 110 1336 ιιι
126 1283 230 1337 nomine
243 1298 309 1352 meo,
321 1298 367 1353 epo
381 1282 487 1353 sedam
503 1290 532 1335 ut
543 1279 725 1351 honorificetur
742 1281 821 1336 l‘oter
844 1281 872 1336 in
925 1293 1006 1350 tatem
1020 1284 1166 1342 adorantes
1190 1296 1218 1342 et
1228 1287 1438 1357 maguidcautes
1453 1286 1546 1343 ιιιιιο
1562 1289 1588 1343 ιιι
1609 1299 1709 1361 suyste·

85 1373 154 1430 Filio
169 1374 264 1449 (loon.
279 1390 336 1443 ιιι,
353 1373 413 1446 tt).
430 1373 496 1429 Etsi
511 1373 627 1445 Spiritus
648 1383 757 1430 sauctus
772 1373 869 1430 adora·
922 1374 969 1430 riis
980 1386 1028 1431 ote
1051 1360 1145 1431 nostro
1165 1375 1289 1442 dicimus,
1307 1377 1341 1431 ita
1367 1376 1531 1433 conscientia
1558 1387 1707 1446 terreamus,

83 1476 137 1535 tur,
162 1466 207 1524 ille
221 1467 313 1538 utiquc
336 1465 463 1522 adoratur
491 1466 567 1535 cujus
591 1473 633 1521 est
657 1465 783 1535 Spiritus.
804 1465 872 1520 lilud
924 1466 1433 1534 Sanctus,sanctensanctusliominus
1449 1468 1710 1528 licusseiootlr.Ter

81 1567 172 1615 sutem
184 1558 274 1615 nulius
288 1558 403 1629 ignorat.
419 1556 480 1627 quis
493 1555 589 1613 diviua
600 1554 733 1626 majestati
748 1569 798 1612 nee
808 1554 871 1611 addi
922 1555 1044 1612 dicentes
1064 1557 1175 1613 Sanctus
1197 1573 1274 1613 unam
1296 1559 1517 1628 omnipotentiam
1537 1560 1708 1628 confitemur,

81 1651 238 1723 quidquam,
252 1664 303 1723 uec
314 1649 397 1707 minui
414 1649 537 1704 bumaois
560 1647 799 1719 supplicationibus
820 1662 870 1718 po·
922 1647 983 1716 quia
996 1662 1047 1702 una
1069 1657 1110 1703 est
1135 1647 1237 1718 religio,
1254 1663 1307 1703 una
1333 1648 1492 1718 glorificatio
1514 1651 1664 1719 Trinitatis,
1680 1659 1711 1707 ut

82 1750 136 1800 test
150 1762 158 1799 s
170 1741 182 1816 [
192 1743 254 1798 Lar.
273 1740 332 1813 sic]
346 1740 392 1797 sed
408 1740 592 1812 unusquisque
608 1739 754 1796 secumdum
768 1754 870 1813 propo·
922 1736 1063 1792 audiamus
1078 1737 1113 1793 ab
1134 1740 1273 1809 Apostolo
1297 1739 1366 1794 sieut
1389 1740 1531 1796 audieruut
1554 1743 1707 1799 Coriutlrii:

81 1835 165 1892 ‘itum
178 1835 324 1891 polanum
337 1849 404 1900 3112,
420 1842 466 1890 aut
478 1834 589 1906 gloriam
601 1833 652 1889 sibi
672 1833 788 1905 acquirit
801 1832 868 1888 fide.
886 1824 1012 1910 BGrltlt'd
1036 1827 1137 1882 Domini
1158 1830 1236 1883 ttostrt’
1256 1828 1320 1882 ieta
1334 1827 1440 1896 Christi,
1455 1838 1478 1885 ei
1492 1832 1594 1887 diiddli'd
1610 1832 1668 1898 Del,
1684 1846 1709 1888 ei

80 1927 144 1984 liter
161 1925 327 1991 uenerando,
341 1935 387 1982 aot
407 1925 591 1982 eoralasionem
607 1933 762 1995 perpetuam
788 1924 870 1996 perti·
922 1921 1117 1975 conmunicatio
1154 1921 1267 1991 Spiritus
1303 1925 1384 1978 sancti
1406 1940 1463 1977 eum
1496 1926 1611 1980 omnibns
1638 1926 1707 1980 noia

80 2018 185 2074 usciter
206 2016 364 2074 resistendo.
380 2015 490 2073 certum
505 2025 547 2073 est
569 2016 641 2072 enim
655 2015 715 2087 quia
741 2016 868 2086 superbia
924 2010 975 2082 (ll
992 2011 1052 2066 Cor.
1064 2029 1121 2078 rtur,
1134 2014 1167 2068 to
1178 2013 1199 2081 l.
1212 2013 1271 2069 Ηιιι
1288 2024 1329 2069 est
1351 2013 1417 2070 tides
1430 2023 1533 2083 nostra,
1548 2016 1710 2085 euangelicis

80 2116 110 2166 et
124 2106 139 2147 ὓ
152 2109 317 2180 contemptio
329 2107 448 2174 damnat,
462 2106 664 2163 honoriticentia
675 2121 740 2162 vero
755 2109 870 2162 lructum
922 2110 950 2157 et
973 2103 1126 2171 apostolicis
1151 2104 1338 2159 traditionibus
1360 2103 1466 2175 utqued
1484 2109 1644 2162 auctoritate
1663 2107 1710 2161 lir-

80 2201 394 2271 devotioutsesspeetat.
406 2197 495 2266 erare
508 2207 598 2254 autem
611 2197 703 2254 fideles
717 2212 770 2252 non
782 2197 869 2252 hono·
923 2203 1006 2263 urata,
1022 2207 1047 2251 et
1063 2196 1181 2251 omnium
1192 2211 1251 2266 quas
1265 2196 1290 2250 in
1307 2195 1406 2251 muodo
1429 2206 1493 2252 sunt
1515 2196 1707 2253 catholicarum

79 2291 189 2348 ritioeot
213 2292 316 2364 integre
339 2291 512 2357 Trinitatem,
528 2290 561 2345 ad
583 2306 662 2361 qutrm
678 2304 708 2346 se
733 2290 869 2360 pertinere
924 2287 1099 2344 eeclesiarum
1115 2288 1243 2342 societate
1262 2286 1381 2353 lundata,
1396 2288 1423 2342 in
1444 2302 1556 2360 quanos
1579 2304 1625 2359 per
1649 2304 1709 2358 pra·

80 2381 241 2447 confidunt,
263 2380 341 2451 cujus
364 2380 473 2436 nomine
487 2394 517 2436 se
542 2388 662 2447 renatos,
678 2379 754 2450 cujus
776 2392 870 2435 servos
920 2378 984 2435 tiam
1010 2379 1058 2435 Dei
1080 2378 1271 2448 omnipotentis
1299 2394 1457 2448 permanere
1479 2380 1611 2451 usquead
1629 2380 1708 2436 duem

79 2485 111 2528 se
125 2471 259 2528 nominari
273 2470 437 2542 gloriantur?
447 2471 514 2527 Nam
528 2469 598 2527 sicut
608 2470 661 2543 [ei.
676 2467 841 2540 adnomen]
854 2485 869 2526 s
920 2470 983 2526 rite
999 2470 1077 2540 liujus
1091 2469 1253 2525 condidimus
1267 2477 1294 2524 et
1313 2484 1464 2541 speramus.

79 2567 193 2623 nomine
205 2565 253 2621 liei
267 2565 352 2621 Patris
366 2566 489 2621 homines
508 2564 555 2621 liei
577 2563 756 2636 appellantur,
771 2573 801 2618 ut
815 2562 864 2618 lle·
958 2560 1076 2632 Explicit
1089 2559 1195 2616 libellus
1211 2560 1330 2617 duectus
1345 2561 1395 2616 sub
1412 2560 1456 2617 die
1471 2561 1519 2635 [oi.
1532 2562 1599 2633 xvir]
1612 2577 1650 2618 ιιι
1664 2579 1710 2620 ca·
1784 2560 1789 2569 “

78 2655 132 2712 tiss
148 2656 231 2712 bomo
243 2655 292 2712 liei
306 2656 393 2714 dictur
406 2663 457 2722 est,
469 2665 500 2711 ut
513 2656 619 2727 lloyses
633 2653 712 2710 bomo
724 2654 771 2710 bei
783 2653 870 2725 appel·
922 2654 1064 2711 lendarum
1089 2653 1217 2708 liniarum
1242 2667 1291 2723 per
1305 2652 1468 2723 ,ianuarium
1487 2654 1710 2722 ‘zattarensem

78 2745 154 2816 latus
165 2754 222 2813 esu
238 2749 305 2803 sica
327 2746 436 2803 Christo
450 2745 596 2802 Christiani
622 2761 817 2816 nuncupamur,
831 2746 872 2802 sic
926 2746 1075 2803 villaticum
1091 2744 1343 2801 a‘Casisdledianis
1362 2745 1504 2817 episcopos
1519 2747 1664 2812 Numidia,
1684 2757 1711 2805 ct

77 2837 195 2895 etiams
210 2838 312 2909 Spiritu
334 2837 468 2908 spiritales
487 2837 664 2909 appellamur.
679 2838 707 2893 Si
721 2839 801 2907 igitur
823 2853 872 2892 uo·
926 2838 1090 2895 Boniiaeium
1105 2837 1342 2903 Foratianensem,
1363 2846 1390 2892 et
1410 2838 1573 2895 bonifacium
1587 2839 1710 2896 lGmtia-

75 2930 227 3001 ceturquts
240 2929 493 2997 bononensium
507 2928 541 2984 sit
551 2929 727 2996 corsitanus,
741 2929 807 2986 nibil
817 2938 873 2997 est;
928 2945 1038 2987 oensem
1053 2930 1193 3000 episcopos
1208 2928 1353 2998 prouinciae
1368 2928 1520 2999 Byzacena.

116 3072 132 3103 ¹
153 3063 291 3121 Loricbius
304 3063 411 3121 brevius
428 3064 466 3120 sic
487 3064 579 3133 babet,
594 3066 637 3120 sed
660 3069 872 3123 comederemus
959 3068 972 3107 ‘¹
995 3069 1095 3124 Desunt
1118 3068 1175 3124 irae
1196 3069 1249 3123 duo
1265 3069 1356 3134 verbs,
1380 3069 1530 3122 auctoritate
1547 3069 1659 3137 firnroto,
1683 3072 1710 3129 in

74 3133 202 3202 Patren,
217 3134 344 3189 credimus
359 3138 476 3189 inuocare
491 3136 617 3206 Spiritum
629 3148 761 3201 sanctanu
776 3148 800 3193 el
814 3155 872 3193 cnm
924 3138 1001 3196 colb.
1016 3140 1043 3205 ι,
1059 3139 1171 3195 0rllrod.
1188 3137 1311 3194 erenno.
1328 3149 1356 3194 et
1372 3138 1506 3193 Loricltio.

72 3203 191 3259 Patrem
205 3219 356 3329 resumens
371 3203 394 3256 F
395 3205 441 3260 ilio
451 3221 497 3260 nos
511 3207 629 3260 maudiri
641 3209 805 3277 confidimns,
818 3219 871 3264 etc.
961 3221 973 3247 ⁰
986 3210 1109 3276 Plerique
1120 3222 1198 3276 mss,
1210 3206 1475 3264 lotterenscmtlolb.
1490 3187 1713 3274 olonnensia.

117 3272 135 3312 ¹
157 3272 203 3330 Sic
247 3284 319 3341 art.;
345 3290 405 3345 quas
424 3276 515 3345 utique
542 3275 619 3331 lectio
642 3278 746 3333 videtur
767 3280 873 3335 coetcris
925 3280 954 3334 ln
969 3279 1066 3334 Notitia
1081 3279 1204 3335 tltrteanu
1219 3280 1245 3333 in
1261 3293 1311 3333 ms.
1327 3279 1410 3333 [ιιι.
1427 3279 1524 3334 dicitur
1541 3277 1709 3336 incterensis.

67 3341 262 3413 praemreudn,
286 3360 345 3413 quac
366 3345 476 3413 babent,
501 3346 636 3402 contentio.
653 3346 769 3403 Loriehii
789 3349 873 3406 editio
926 3350 993 3405 l'idc
1025 3365 1064 3406 ua
1078 3351 1104 3404 io
1119 3349 1188 3404 notis
1202 3349 1236 3403 ad
1251 3349 1335 3417 ipsam
1349 3347 1476 3403 Notitiam
1489 3349 1663 3404 observamus
1677 3352 1710 3406 de

63 3412 209 3471 undem
222 3424 340 3471 nostram
354 3416 495 3472 lectionem
510 3415 660 3483 coufirmat,
673 3417 751 3474 nabet
763 3420 872 3491 quippe,
926 3420 976 3476 bac
987 3436 1017 3474 ur
1037 3436 1062 3476 e.
1078 3420 1162 3476 Porro
1176 3418 1316 3474 Loricltius
1330 3433 1378 3489 pru
1399 3418 1554 3473 ianuarium
1569 3418 1649 3475 babet
1663 3419 1709 3474 de-

64 3492 254 3554 cotsteutpltts.
926 3491 1058 3548 naariam.

57 3606 63 3615 ,
112 3566 128 3595 ⁶
152 3554 228 3610 luter
246 3554 385 3611 blissarum
408 3555 537 3614 solemnia
560 3566 615 3614 tum
639 3558 735 3622 Graeci,
752 3508 910 3614 tuan-C
963 3558 1071 3615 ‘colb
1088 3560 1113 3628 l,
1130 3559 1265 3622 liberino..
1282 3557 1410 3625 etlinld.‚
1432 3558 1711 3615 destinarentur.

62 3625 142 3688 tini,
162 3625 290 3696 hymnum
312 3625 382 3681 bunc
404 3634 513 3682 cantare
534 3643 642 3698 semper
664 3639 870 3700 consueverunt,
924 3638 953 3686 et
975 3629 1052 3686 0rtb.
1078 3644 1139 3684 cuna
1162 3629 1297 3690 boriclrio.
1323 3629 1505 3683 Coronensem.
1530 3626 1606 3684 Colb.
1633 3631 1711 3695 alter,

58 3695 154 3765 qnod
177 3709 239 3750 cum
261 3696 379 3751 nonnulli
394 3695 420 3751 in
441 3697 526 3753 Gallis
539 3710 614 3754 entra
636 3702 733 3755 missas
752 3699 874 3769 publicos
924 3699 1014 3764 llari„
1036 3698 1106 3764 dut,
1125 3708 1153 3754 et
1174 3700 1277 3763 Germ..
1296 3697 1477 3752 Coronensem.
1493 3698 1521 3751 ln
1537 3701 1626 3752 collat.
1648 3699 1711 3755 Car-

57 3766 270 3888 negligerent,
294 3766 385 3821 statuit
416 3769 534 3838 synodus
558 3769 684 3825 vasensis
716 3784 786 3823 arrno
808 3769 871 3836 old,
925 3769 1081 3838 tbag.‚cop.
1100 3769 1162 3829 titt,
1187 3770 1257 3822 inter
1271 3769 1410 3837 episcopos
1426 3767 1577 3821 Donatistas
1590 3783 1711 3822 recense-

56 3850 142 3892 carr.
180 3877 188 3894 .
204 3844 231 3888 ut
246 3837 273 3890 in
285 3835 400 3891 omnibus
412 3838 506 3903 missis,
518 3840 569 3893 siue
582 3841 725 3903 matutinis,
740 3840 790 3892 site
809 3855 874 3907 aaa·
925 3847 968 3893 tur
982 3838 1068 3891 Victor
1087 3838 1219 3908 episopus
1231 3837 1415 3891 Grotinuensis.
1429 3836 1512 3890 Porro
1525 3837 1587 3891 iicet
1597 3836 1641 3890 aiii
1657 3850 1711 3891 tres

53 3905 312 3976 dreqetnntiiur,
334 3908 373 3960 tei
395 3922 452 3977 qua
475 3909 502 3961 in
524 3909 802 3963 commemorationibus
830 3906 875 3962 rie·
925 3908 1044 3976 episcopi
1058 3906 1102 3961 bic
1124 3908 1262 3961 memorati
1279 3914 1470 3960 recenseantur
1492 3907 1517 3958 io
1531 3904 1713 3960 Notitia'blri·

82 3984 236 4029 unctorum
250 3977 326 4044 fiunt,
339 3991 437 4048 semper
449 3992 478 4030 ro
490 3979 580 4032 ordine
601 3994 652 4048 qao
668 3979 701 4032 od
714 3980 803 4031 missos
842 3993 873 4030 rs·
925 3992 1001 4040 cana,
1024 3977 1059 4031 ibi
1085 3986 1171 4031 tamen
1188 3976 1354 4030 desideratur
1368 3973 1497 4046 constant·
1519 3973 1597 4052 liujus
1610 3973 1715 4029 Gratia·

94 4047 164 4098 ticos
178 4045 324 4100 diceretur.
350 4045 387 4101 lle
402 4046 482 4103 variis
496 4049 553 4102 istis
566 4049 655 4104 missis
670 4048 768 4103 videsis
780 3994 874 4100 pagii.
926 4049 1011 4101 nestris
1025 4060 1121 4101 nomen
1136 4064 1143 4098 ε
1157 4046 1226 4114 quod
1249 4055 1314 4100 sane
1328 4046 1423 4098 mirrun
1437 4053 1486 4098 est.
1501 4043 1556 4097 llisi
1571 4059 1593 4098 rs
1607 4045 1664 4113 ipse
1678 4047 1713 4099 sit

46 4116 187 4177 lonium
201 4115 268 4170 libr
283 4117 316 4171 de
328 4114 445 4184 liturgia
460 4117 607 4183 Gallicana,
620 4133 680 4188 esp.
694 4117 721 4182 d,
739 4117 779 4172 rel
793 4117 828 4171 dc
842 4116 875 4173 iis
926 4119 1002 4186 curius
1016 4117 1102 4185 primo
1115 4115 1174 4170 locu
1186 4115 1327 4170 memorati
1349 4128 1453 4169 nornen
1466 4113 1581 4174 excidia
1599 4121 1713 4185 tuncque

48 4184 174 4246 fusius
187 4184 363 4241 disserentem
387 4190 437 4255 piae
456 4188 593 4243 memorias
614 4186 779 4242 cardinalem
801 4188 875 4242 Bona
926 4201 975 4256 pro
991 4185 1202 4253 Varatunnum,
1219 4192 1248 4238 ut
1271 4184 1308 4240 ibi
1333 4182 1455 4248 babetur,
1478 4183 1619 4253 legendum
1642 4198 1714 4239 esset

52 4253 137 4318 lib.
151 4268 160 4307 ι
175 4253 273 4310 ilerum
287 4257 427 4324 liturgic„
441 4271 500 4324 cap.
517 4258 551 4312 li
565 4267 593 4313 ιι
606 4257 791 4328 respuentibus.
804 4256 876 4312 Care
927 4256 1113 4311 Grotionensis.
1137 4255 1172 4309 Et
1194 4253 1300 4325 quidem
1324 4254 1419 4309 Petrus
1439 4253 1522 4308 abbas
1547 4253 1575 4306 iu
1599 4254 1714 4312 coneilio

52 4331 178 4391 antem
204 4341 238 4379 ne
258 4327 405 4381 coniuudas
432 4325 503 4381 bunc
526 4327 666 4398 hymnum,
690 4343 768 4398 quem
790 4325 876 4382 Greci
927 4325 1128 4394 Carthaginensi
1142 4325 1193 4379 sub
1207 4324 1353 4390 Bonilacio,
1370 4323 1492 4378 meminit
1505 4322 1713 4394 BonisaciiGro-

57 4398 208 4460 ιςιιιιοι
230 4409 277 4450 ιιι
292 4394 470 4467 triumphalem
492 4398 638 4466 appellant,
663 4399 697 4453 dc
721 4413 774 4469 quo
795 4397 876 4451 isaias
927 4397 1048 4450 tianensis
1062 4395 1172 4465 episcopi
1187 4396 1276 4465 prima
1292 4394 1357 4447 sedis
1373 4394 1509 4463 prouincia
1519 4391 1667 4462 Byzacena,
1681 4395 1715 4450 ad

59 4477 154 4530 gap.
167 4479 200 4525 rt.
224 4474 250 4520 ιι
272 4465 387 4521 loannes
412 4467 437 4521 in
465 4469 621 4539 Apocalypsi
637 4483 696 4537 cap.
711 4484 747 4537 rr,
761 4482 821 4522 cum
843 4480 877 4523 co
928 4477 1006 4536 quem
1021 4474 1173 4520 recurrerat
1187 4465 1297 4520 absente
1308 4463 1434 4532 episeopo
1445 4463 1657 4532 carthaginensi.
1670 4466 1715 4519 col

66 4545 170 4612 quieta
184 4534 264 4590 iidem
279 4539 409 4613 rpreipon
430 4537 535 4603 dicuut;
559 4553 691 4608 quemque
712 4538 750 4593 iili
765 4538 874 4606 septus,
889 4550 891 4556 ·
928 4537 1119 4592 monasterium
1133 4535 1190 4604 ejus
1202 4533 1274 4589 nullu
1288 4533 1376 4588 medio
1387 4532 1536 4601 subjectum
1551 4544 1618 4587 erat.
1635 4532 1715 4588 Borri-

59 4606 178 4673 ulmi
194 4621 258 4661 rero
271 4606 354 4662 semel
368 4610 394 4661 in
408 4621 489 4670 anno.
504 4607 569 4662 ieris
588 4608 690 4664 scilicet
703 4616 778 4664 serta
793 4608 875 4663 Para·
928 4606 1012 4661 lacius
1026 4617 1125 4671 tamen,
1142 4604 1187 4673 uui
1210 4603 1271 4659 liuic
1294 4602 1384 4658 libello
1399 4600 1459 4655 fidei
1479 4601 1646 4672 subscripsit,
1663 4619 1716 4659 nou

73 4683 195 4741 scetes,
210 4688 318 4731 cantare
335 4678 432 4732 solent.
450 4677 559 4732 Sanctus
584 4677 663 4743 liene,
684 4686 798 4742 sanctus,
812 4679 877 4803 Jur·
929 4673 1325 4744 rideturluisseprimas‚eum
1340 4671 1575 4741 postiiuuilaeium
1591 4673 1714 4728 Faustia-

79 4745 141 4804 ιιι,
153 4753 200 4800 cte.
213 4746 250 4802 lie
259 4745 301 4802 bis
310 4747 420 4802 consule
431 4755 551 4803 nostrum
566 4748 703 4818 lingonern
720 4749 812 4804 blensr
831 4762 876 4802 um
929 4760 1038 4802 oensem
1053 4745 1251 4812 subscripserit,
1286 4744 1311 4796 ui
1333 4742 1440 4812 quidem
1466 4741 1616 4796 Booilaeins
1632 4743 1714 4798 Fora-

87 4817 123 4868 io
140 4814 203 4870 uuus
217 4816 250 4871 ad
269 4819 506 4873 sacramentarium
528 4817 733 4887 Gregorianum.
751 4833 810 4888 pap.
828 4817 873 4885 td,
930 4817 1058 4872 tianensis
1073 4816 1099 4869 in
1122 4813 1220 4868 Notitia
1245 4758 1352 4880 affrica,
1371 4811 1440 4866 irater
1458 4810 1549 4867 Patres
1564 4812 1715 4884 liyeaeeuus
1734 4878 1736 4883 ,

91 4877 130 4929 ³⁶
140 4877 181 4939 his
193 4885 273 4942 rebus
285 4887 343 4942 luse
354 4895 382 4944 et
393 4887 497 4943 erudite
514 4886 701 4945 disserentem.
887 4871 1111 4957 Dreragestnus
1125 4895 1234 4939 octavus
1247 4889 1421 4938 memoratur.

104 4994 1705 5042 Ἣ

489 5214 492 5242 ,
551 5119 789 5227 staua
834 5094 1256 5248 eumarum

502 5284 660 5347 Hunsnrct
688 5301 822 5349 smrtrra
852 5301 885 5345 ιι
914 5275 1079 5343 nurscoros
1100 5298 1305 5343 carnaticos.

111 5454 113 5458 .
139 5393 157 5450 Ι.
176 5405 324 5462 insacrum
337 5405 481 5460 ιιιιιιιιι.
499 5434 536 5446 -
555 5405 604 5474 Qui
618 5404 665 5477 [oi.
686 5403 802 5476 cunque]
816 5417 877 5458 cum
932 5401 1092 5456 mentientes
1107 5407 1253 5471 suiggerum
1267 5398 1321 5469 regi
1338 5399 1371 5454 de
1386 5401 1473 5468 nobis,
1489 5417 1522 5458 eo
1538 5406 1607 5475 quud
1622 5410 1715 5479 strepi-

119 5497 188 5550 taber
208 5485 313 5555 libellus
337 5499 481 5568 legeretur,
501 5481 623 5564 'oblatum
645 5496 766 5552 ueritatis
789 5495 878 5549 lumen
932 5501 987 5546 tum
1001 5490 1153 5555 fecerimus,
1163 5491 1325 5547 audientiam
1341 5492 1481 5561 fugientes,
1494 5496 1539 5562 oui
1549 5496 1641 5553 cadem
1653 5501 1716 5559 horo

122 5592 260 5658 tmutqmm
273 5586 387 5645 sufferre
400 5587 480 5644 cecis
492 5587 576 5644 oculis
589 5594 733 5657 potuerunt
745 5585 879 5640 insanien-
932 5595 1059 5637 accensus
1072 5589 1099 5637 ιι
1113 5581 1228 5637 credens
1239 5573 1390 5651 mendacio,
1402 5584 1536 5640 lestinar'it
1550 5586 1637 5641 lacere
1647 5593 1717 5659 quod

115 5665 269 5739 'tetradius'
279 5678 465 5746 infrementes,
476 5680 644 5750 graviterque
658 5677 786 5741 ferentes,
798 5688 880 5746 quare
932 5673 1049 5730 nolebat.
1076 5674 1180 5745 litium
1201 5677 1381 5748 couscriptum
1396 5677 1533 5734 decretum
1554 5678 1669 5749 babens,
1690 5693 1719 5738 et

125 5781 158 5825 ιιι
172 5773 271 5830 numine
289 5765 382 5830 nostro
394 5771 541 5829 catholicos
554 5762 711 5828 dissuimus.
733 5767 881 5838 saumque
899 5847 913 5859 .
933 5767 1037 5826 occulte
1055 5782 1117 5824 cum
1130 5768 1226 5826 eodem
1240 5769 1349 5827 decreto
1369 5785 1417 5840 per
1430 5769 1549 5826 diuersas
1565 5771 1719 5842 prouincias

234 5861 492 5928 temoubvllt
816 5890 927 5958 ..52:25²
1014 5888 1016 5891 ·
1167 5925 1172 5930 ,
1546 5861 1567 5920 ιι
