3810 6254
119 231 183 300 *dub

765 226 888 286 studuit
906 226 1134 288 teotttttettts

1712 219 1765 295 m

131 352 201 418 Ergo
214 350 297 407 animi
311 349 411 407 dudum
423 322 580 417 impatiens,
594 350 735 414 postquam
751 342 835 400 audiit
850 342 892 401 isti
935 345 1065 409 Abonec
1080 344 1115 401 ad
1125 343 1274 400 anfractum
1290 348 1369 401 metae
1381 343 1436 415 iam
1449 344 1558 416 Jamque
1567 343 1682 404 relictus

132 446 274 517 Imperium
290 455 316 500 et
329 445 437 512 longum
449 439 540 505 statui,
556 438 655 492 laniata
667 436 782 493 lacertos

131 536 283 607 Ingreditur
301 549 351 604 qua
367 541 450 586 strata
463 530 524 595 riri,
541 542 687 598 vocemque
702 531 832 583 lurentem

132 629 178 681 llis
193 626 274 695 rupit.
291 623 389 679 Securo
400 621 474 690 iaces
488 618 571 675 oblite
586 630 705 686 tuorum,

130 720 153 775 0
167 719 250 789 piger,
267 725 293 771 et
309 714 407 777 orando
422 714 545 783 princeps
560 715 569 784 l
578 714 616 768 sie
628 712 726 770 secuta
739 711 869 781 poscunt)

130 810 291 880 Maiorianus
304 806 370 871 erit;
386 806 504 861 clamant
520 807 569 860 hoc
582 805 670 860 sidera
686 805 780 875 signis,

131 902 188 958 lloc
202 900 324 955 homines
337 899 406 954 rotis
421 916 427 950 r
444 898 484 951 isti
499 897 561 966 quid
574 897 663 952 sidera
678 911 780 963 quaero,

130 994 225 1051 Fatum
239 991 309 1047 aliud
325 991 367 1046 cui
381 991 443 1045 lccit
455 990 546 1044 amor?
562 989 598 1043 nil
614 988 708 1045 lortius
723 988 779 1044 illo.
843 985 846 990 ’

131 1085 165 1140 Et
180 1099 247 1157 puer
261 1091 302 1136 cst
315 1081 426 1150 cupidus
441 1096 587 1150 nunquam,
603 1080 650 1135 sed
667 1094 761 1149 parcus
778 1078 903 1135 habendi.

132 1177 236 1248 Pauper
248 1176 336 1231 adhuc
348 1174 403 1244 jam
420 1175 518 1244 spargit
533 1188 608 1244 opes,
625 1173 743 1244 ingentia
757 1173 852 1230 suadet

130 1269 260 1336 Consilia,
277 1277 304 1323 et
318 1268 454 1336 sequitnr;
473 1274 558 1321 totum
570 1266 640 1335 quod
654 1266 764 1336 cogitat,
777 1266 859 1321 altum
870 1272 920 1322 cst.

130 1361 216 1433 Urget
228 1359 299 1431 quod
314 1367 403 1429 sperat
417 1374 423 1410 r
441 1356 531 1412 ludum
544 1356 567 1412 si
581 1356 649 1411 lorte
660 1364 797 1421 retexam,

132 1451 314 1520 consumpsit,
329 1448 457 1519 quidquid
471 1447 566 1517 jaculis
581 1446 677 1503 iecisse
693 1448 806 1516 putaris,

130 1544 211 1601 lstius
224 1558 275 1599 una
288 1543 345 1598 dics
359 1559 366 1594 ι
381 1541 464 1596 tribus
476 1540 547 1595 bunc
562 1548 695 1596 tremuere
709 1540 813 1609 sagittis

131 1645 146 1675 ⁸
161 1635 274 1706 Anguis,
289 1647 394 1697 cerens,
410 1647 489 1701 apor;
505 1630 520 1670 ¹>
535 1647 587 1686 non
601 1631 641 1688 sic
655 1631 763 1687 libravit
777 1632 804 1686 in
819 1632 924 1690 hostem

132 1729 250 1800 Spicula,
265 1728 309 1797 qui
325 1735 388 1781 nato
401 1726 533 1796 serpentis
545 1739 658 1796 corpore
671 1729 770 1793 cincto,

130 1819 195 1875 Plus
211 1818 308 1885 timuit,
323 1818 386 1872 dnm
398 1818 540 1884 succurrit,
554 1818 742 1887 dumjactibus
756 1818 849 1874 lisdem

132 1910 271 1968 lnteritum
284 1909 419 1980 uitamque
433 1909 518 1976 daret,
534 1908 708 1977 stabilemque
722 1919 825 1965 teneret

131 2001 219 2058 Corda
234 2010 365 2057 tremente
376 2015 495 2065 manum,
513 2009 647 2070 totamque
662 2001 747 2056 exiret
759 2001 785 2055 in
800 2011 885 2056 artem

130 2094 185 2165 Spe
198 2094 322 2165 propiore
332 2101 429 2160 metus,
446 2091 514 2148 dans
528 2092 598 2146 inter
612 2093 731 2148 membra
746 2092 859 2148 duorum

131 2185 217 2243 Unius
229 2193 341 2240 mortem
357 2202 363 2236 :
380 2184 460 2239 hbeat
470 2184 617 2240 decernere
629 2194 722 2251 caestn,

132 2276 220 2335 Cessit
232 2277 301 2349 Eryx
314 2276 433 2345 SIculus,
449 2276 530 2331 simili
545 2292 594 2332 uec
607 2277 696 2333 lloruit
706 2287 764 2335 arte

133 2369 216 2443 314
226 2370 332 2441 Sparta,
344 2369 508 2439 Therapnae
524 2370 641 2440 pugilem
651 2385 712 2427 cum
723 2373 855 2443 gymnade
866 2373 922 2443 pin-

793 2464 886 2536 [guerra

135 2565 147 2596 θ
162 2555 266 2612 Stratus
281 2555 418 2625 Bebryciis
433 2554 548 2626 Amycus
561 2556 680 2623 suspexit
694 2557 795 2611 arenis.

133 2647 184 2716 Qut
196 2647 272 2718 rigor
286 2647 313 2701 in
328 2647 458 2716 pedibus?
475 2645 571 2703 lrustra
584 2647 634 2703 sibi
647 2658 724 2703 natus
739 2649 850 2720 Ophelte

133 2739 266 2798 Sicaniam
283 2740 373 2796 tribuit
388 2740 516 2810 palmam,
532 2742 691 2812 plantasque
704 2745 834 2813 superbas

133 2831 258 2889 blandita
272 2847 318 2900 per
329 2832 426 2886 siccam
441 2831 561 2888 Nemeen
575 2832 668 2890 tritus
678 2835 773 2891 extulit
787 2835 885 2904 Arcas,

134 2924 216 2997 Cujus
228 2925 255 2980 in
270 2924 359 2980 AEtolo
372 2934 384 2962 ι·
395 2924 550 2980 volitantem
564 2927 675 2995 pulnere
690 2938 801 2985 matrem

134 3019 244 3075 ilorruit
257 3018 451 3089 llippomenes,
468 3020 553 3075 multo
568 3022 612 3091 qui
626 3024 728 3093 cespite
740 3024 814 3079 circi.

973 436 1081 492 Concita
1097 446 1137 492 ter
1147 450 1241 506 sparso
1255 436 1334 506 fregit
1348 436 1460 507 vestigia
1476 450 1575 512 pomo.

972 528 1022 597 eri
1036 527 1108 582 ridet
1122 524 1193 581 hnnc
1206 527 1339 597 equitem,
1356 526 1481 583 teneura
1497 528 1601 598 spernit
1615 525 1763 601 alumnum,

973 620 1013 674 Ac
1024 618 1148 688 juvenem
1161 616 1324 673 Stheneboea
1341 626 1433 685 tuum,
1447 619 1489 674 cui
1505 626 1579 689 terga
1592 627 1716 676 uetustas

973 710 1085 765 Pennati
1100 709 1211 779 largitur
1223 710 1295 778 equi,
1309 709 1471 781 Lyciamque
1483 710 1643 767 Ghimaeram

973 805 1058 872 Quem
1073 818 1215 874 superasse
1229 805 1328 870 refert,
1341 805 1438 859 vulnus
1451 820 1511 861 curn
1524 805 1635 862 sustulit
1647 821 1730 863 usum

973 894 1039 951 Tres
1050 896 1153 950 animas
1169 912 1177 952 :
1191 895 1273 949 uitam
1290 904 1344 948 tum
1359 896 1382 950 si
1397 896 1446 950 tibi
1460 897 1511 951 lata
1526 897 1675 970 dedissent,

973 985 1117 1053 hlajorianc
1130 985 1215 1055 lerox,
1232 986 1363 1041 vetuisses
1376 983 1485 1042 Gastora
1501 987 1604 1056 irenes.

972 1075 1106 1131 Pollucem
1122 1086 1229 1142 caestus,
1244 1077 1372 1134 Alconem
1386 1077 1488 1148 spicula
1502 1093 1594 1152 nesse,

974 1168 1210 1235 Bellerophonteis
1226 1169 1400 1225 insultaturus
1415 1171 1522 1242 opimis.

972 1259 1000 1315 Si
1013 1260 1136 1331 clypeum
1153 1262 1249 1346 capiat,
1266 1262 1347 1318 vincit
1364 1263 1509 1321 Telamone
1523 1273 1660 1333 creatum,

974 1350 1024 1413 (lui
1037 1366 1138 1422 puppes
1152 1352 1223 1408 inter
1234 1353 1340 1421 Graias,
1356 1355 1587 1421 eontralleeloris
1601 1356 1705 1430 ignem,

975 1443 1060 1510 lpsanr
1074 1445 1155 1498 ctiam
1168 1444 1242 1501 inhdi
1256 1446 1369 1501 classem
1383 1445 1503 1504 defendit
1517 1449 1621 1521 illyris.

975 1532 1074 1589 llissile
1088 1535 1110 1589 si
1126 1543 1225 1604 quanto
1238 1536 1372 1604 jaculetur
1385 1538 1504 1607 pondere
1516 1541 1626 1610 quaeris,

975 1623 1088 1693 Segnius
1101 1625 1209 1680 insertae
1224 1627 1362 1698 trepidans
1376 1644 1425 1698 pro
1438 1628 1512 1686 lasce
1526 1628 1648 1688 Camillae

936 1718 961 1777 B
975 1715 1098 1773 Excussit
1112 1717 1193 1772 telum
1208 1718 1336 1785 bletabus,
1352 1734 1402 1776 nec
1414 1721 1522 1778 turbine
1532 1730 1608 1779 tanto

974 1807 1091 1865 Stridula
1107 1809 1202 1866 Pelidae
1216 1826 1263 1880 per
1276 1811 1384 1868 Troilon
1397 1812 1463 1870 exiit
1475 1828 1576 1870 ornus:

974 1903 1053 1975 315
1067 1904 1120 1959 Nec
1133 1905 1171 1960 sie
1187 1907 1296 1961 heroum
1313 1907 1462 1964 tardantem
1479 1908 1555 1965 busta
1568 1908 1712 1968 Creontem

976 1995 1081 2052 Atticus
1095 1996 1204 2067 AEgides
1215 1999 1287 2068 rupit
1301 1999 1486 2057 blaratbonide
1499 2016 1601 2077 quercu
1614 2021 1623 2059 :

976 2087 1032 2144 Nec
1046 2088 1085 2145 sic
1099 2088 1228 2145 intortum
1242 2091 1347 2146 violatae
1360 2091 1512 2148 Phoebados
1524 2094 1606 2150 ultrix

974 2180 1002 2235 ln
1017 2180 1122 2236 Danaos
1138 2181 1236 2237 lulmcn
1250 2183 1325 2251 jecit,
1342 2199 1402 2239 eum
1414 2183 1520 2249 ,Graeeia
1535 2185 1625 2257 Trojae

975 2272 1086 2329 Noctem
1097 2274 1199 2342 babuit,
1210 2275 1377 2344 sirnilemque
1389 2275 1483 2343 lacem,
1495 2278 1614 2349 litusque
1624 2278 1764 2350 captaret,

974 2364 1104 2422 Cautibus
1119 2366 1190 2422 inter
1202 2381 1283 2436 aquas
1299 2368 1433 2423 llammarn
1448 2355 1570 2424 ructabat
1583 2369 1686 2427 Oileus.

1008 2459 1209 2528 Parraloquor:
1221 2460 1284 2530 quid
1302 2462 1372 2531 quod
1392 2463 1498 2533 quotics
1509 2462 1556 2517 tibi
1575 2463 1647 2520 bella
1669 2479 1764 2536 geron·

1666 2555 1732 2631 tar.

974 2642 1124 2715 Discipulos
1137 2659 1191 2700 non
1210 2644 1288 2702 miles
1300 2644 1394 2702 adest?
1409 2658 1436 2703 ct
1451 2647 1526 2719 lingit
1540 2649 1697 2718 alumnum,

973 2741 1097 2797 AEmulus
1112 2750 1223 2798 ccontra
1236 2745 1359 2812 spectat?
1372 2744 1442 2814 quod
1456 2744 1552 2799 viceris
1567 2745 1634 2812 odit,

973 2833 1006 2888 Et
1017 2848 1084 2904 quos
1096 2831 1181 2888 vitreis
1193 2842 1264 2889 amat
1284 2850 1292 2890 ι
1307 2842 1377 2890 totns
1390 2834 1516 2890 dormitat
1530 2835 1564 2891 ad
1575 2836 1657 2892 istum

976 2928 1087 2998 llagnus
1102 2927 1264 2991 Alexander,
1280 2928 1363 2998 patris
1376 2943 1455 2999 quem
1469 2928 1554 2999 gloria
1571 2930 1657 2985 torsit.

978 3021 1047 3090 Quid
1061 3021 1156 3076 faciam
1171 3020 1283 3077 inlclix?
1299 3031 1360 3076 nato
1373 3037 1433 3091 quar
1447 3036 1528 3092 regua
1543 3022 1660 3092 parabo,

134 3109 295 3179 Gentemptu
309 3111 463 3174 praemissus
478 3121 547 3178 erat,
563 3126 623 3167 curn
638 3116 754 3169 carceris
767 3124 844 3171 antro
938 3108 960 3170 C
978 3115 1091 3171 Exclusa
1104 3115 1217 3187 sceptris
1229 3116 1339 3181 Geticis,
1354 3116 1504 3186 respublica
1516 3117 1537 3171 si
1549 3131 1592 3172 me

134 3201 251 3257 Emicuit
266 3203 358 3270 pernix
373 3202 470 3271 popule
486 3202 633 3272 trepidante
645 3205 746 3275 virago,

134 3291 179 3347 Nil
193 3301 248 3346 toto
262 3300 363 3346 tactura
378 3293 472 3362 gradu,
486 3308 547 3349 cum
561 3293 674 3363 pallidus
688 3296 733 3351 ille

134 3381 292 3454 Respicerct
305 3383 420 3440 medium
435 3393 495 3453 post
507 3400 537 3441 se
550 3386 707 3443 decrescere
719 3403 852 3460 campum,

135 3473 170 3532 Et
183 3473 277 3544 longas
291 3475 323 3530 ad
336 3476 410 3545 signa
425 3475 481 3531 nias
494 3517 502 3543 ,
516 3477 632 3548 llatuque
645 3481 794 3550 propinquo

135 3567 247 3625 Pressas
262 3567 289 3622 in
303 3567 393 3622 hostili
404 3567 459 3638 jam
474 3578 594 3626 curreret
605 3571 699 3627 anisius
715 3573 825 3640 urnlrra,

172 3731 182 3751 ⁵
204 3729 267 3785 llrec
287 3729 383 3783 iterum
406 3736 599 3784 commemorat
621 3729 740 3784 carmine
761 3730 804 3795 lb,
822 3741 924 3788 exstat-

137 3800 236 3872 quede
249 3799 342 3855 endem
366 3813 394 3854 rc
416 3807 492 3854 vetus
512 3799 653 3854 distichum
679 3800 724 3854 lih.
746 3817 773 3855 ιν
792 3803 925 3872 epigram-

137 3879 254 3999 prgam,
280 3871 350 3942 quod
374 3870 494 3926 Pithoens
519 3869 622 3926 Sidonii
646 3871 730 3941 ipsius
752 3888 812 3927 csse
833 3875 926 3946 conje-

197 4033 298 4092 Grrnus,
309 4046 377 4095 aper,
391 4033 501 4091 coluber,
510 4045 558 4083 non
568 4032 735 4097 cursu,denle
746 4047 841 4084 rcneno

229 4096 341 4145 vitarunt
352 4100 424 4155 ictus,
436 4097 577 4156 Maioriane,
590 4103 654 4145 tuos.
720 4164 724 4167 ι

170 4228 185 4268 ¹³
201 4229 284 4284 Alcon
299 4227 341 4281 bic
355 4224 490 4280 Cretensis
504 4242 511 4278 τ
527 4226 560 4277 da
573 4240 626 4293 quo
637 4232 664 4279 ot
678 4224 792 4280 Plralero
808 4226 862 4279 hlio
872 4225 926 4278 hla-

137 4299 245 4357 niliusn
260 4298 474 4362 hstronoruicon,
493 4305 520 4348 et
532 4294 652 4349 Valerius
666 4295 776 4349 Flaccus
790 4297 928 4363 Argonau-

138 4371 209 4424 ticon
224 4384 241 4421 r.
258 4367 311 4420 Nec
327 4367 415 4420 minus
429 4365 563 4434 eleganter
578 4364 687 4419 Graecus
704 4376 780 4433 poeta
797 4367 926 4421 hntholo-

136 4439 187 4512 glas
200 4438 246 4495 hb.
262 4451 297 4501 rr,
313 4437 356 4491 li.

191 4525 271 4584 Παῐδα
282 4531 367 4604 πατὴρ
382 4523 476 4581 ”dinuo
491 4527 553 4599 ὀλοῷ
568 4526 723 4597 σφιγχθὲυτα
736 4524 855 4598 δράκοντι

243 4596 284 4652 'td
303 4603 378 4662 ήσας,
392 4596 459 4671 δειλῇ
474 4597 544 4662 τόξον
565 4595 663 4669 ἔκαμψε
681 4600 749 4673 χερί.

191 4670 272 4747 emptis
283 4617 305 4724 ἔ
315 4670 357 4721 οὐκ
376 4670 515 4755 ἀφάμαρῖε,
533 4665 574 4723 διὰ
588 4668 715 4756 arriperes
729 4668 777 4742 γὰρ
793 4666 876 4728 ὀστὸς

530 4739 541 4756 q

246 4741 321 4802 Ἥίξεν
335 4740 425 4793 τυτθου
442 4739 514 4810 beto-r
527 4743 616 4814 arrepde
633 4740 751 4814 βρεφους,

189 4809 352 4880 Παυσάμενος
367 4807 393 4863 δὲ
404 4809 488 4880 φόνου,
505 4813 577 4884 παρὰ
591 4808 648 4884 δρυῒ
660 4808 718 4883 τῇδε
733 4811 859 4883 φαρέτραν

243 4890 312 4951 Σῆμα
326 4883 367 4934 καὶ
380 4881 501 4951 εὐτυχίης
514 4882 569 4939 Orias
584 4885 624 4934 καὶ
639 4883 790 4952 εὐστοχὶης.

174 5024 187 5054 ⁶
199 5013 341 5069 Contraria
353 5028 433 5069 sensu
447 5012 556 5081 vulgati,
572 5019 681 5068 stratum
695 5012 925 5081 origenistam.

139 5098 188 5139 cus
201 5085 272 5139 enim
289 5085 310 5137 is
325 5095 367 5139 est
383 5085 426 5153 qni
442 5083 538 5152 pugilis
553 5083 726 5151 Therapnaei,
741 5098 788 5138 seu
802 5083 925 5137 lacedae-

137 5155 222 5209 monii
239 5154 352 5210 Pollucis
365 5157 433 5210 uires
447 5153 583 5222 suspexit,
600 5168 660 5208 enm
682 5153 714 5207 ab
728 5169 761 5209 co
778 5163 924 5223 prostratus

137 5234 220 5288 esset,
233 5228 276 5292 qni
294 5236 406 5280 caeteros
420 5227 526 5280 sincere
538 5221 651 5278 solebat.

172 5292 405 5362 emeritanensis
416 5296 558 5355 htalantoe,
571 5294 604 5348 de
616 5308 665 5362 qua
674 5309 746 5354 mox.
756 5294 824 5349 hlius
833 5310 866 5350 cx
874 5294 923 5350 tlt-

136 5363 254 5422 laaione.
271 5365 372 5419 Arcade
394 5365 608 5437 Parthenopaeum
623 5374 698 5419 rocat
717 5366 795 5420 etiam
810 5365 924 5433 Statius,

137 5450 271 5506 cursuque
281 5436 310 5490 in
324 5435 424 5491 Nemea
438 5437 504 5490 silva
515 5436 642 5491 rictorem
655 5435 799 5491 laeitlibro
814 5451 838 5490 rr
852 5437 924 5492 The·

976 3211 1111 3275 Praeterit,
1128 3220 1155 3265 et
1171 3208 1182 3248 ¹
1200 3225 1297 3280 porrus
1311 3225 1392 3280 super
1407 3212 1457 3266 hoc
1472 3208 1638 3267 Gaudentius
1653 3207 1734 3280 liujus

976 3301 1099 3358 Calcatur
1114 3302 1192 3359 latis?
1204 3303 1283 3357 istum
1297 3302 1352 3371 jam
1367 3300 1450 3357 Gallia
1464 3301 1565 3368 laudat,

978 3394 1107 3464 erodque
1119 3410 1166 3464 pcr
1177 3395 1311 3464 Europam
1325 3401 1384 3450 est:
1397 3393 1491 3464 rigidis
1501 3393 1572 3449 hunc
1584 3391 1668 3449 abluit
1679 3389 1766 3460 undis

978 3486 1105 3553 tttr'cnus,
1121 3489 1199 3554 brar,
1216 3485 1374 3555 Rhodanus,
1389 3485 1472 3553 hlosa,
1487 3484 1616 3549 hlatrona,
1633 3484 1769 3556 Sequana,

1294 3582 1299 3586 ’
1584 3575 1614 3648 [⁶
1631 3575 1731 3642 Ledus,

978 3743 1099 3798 armaion,
1118 3734 1145 3797 ὃς
1158 3739 1201 3792 ἐπὶ
1217 3737 1303 3798 oddar
1321 3737 1522 3812 ἐστρατεύσατο.
1537 3732 1631 3789 Gettttt'l
1644 3748 1678 3788 ex
1695 3733 1769 3788 mitt«

979 3808 1054 3860 arione
1067 3807 1188 3861 Atolontu
1205 3806 1439 3876 l’ortlrcrroprrnnr,
1453 3810 1496 3877 qoi
1511 3803 1653 3859 erebutrnm
1666 3804 1771 3876 expedi·

979 3879 1073 3931 tionem
1083 3887 1182 3931 secutus
1194 3887 1241 3931 eal.

1017 3958 1028 3985 ⁸
1045 3949 1206 4003 Atalantam.
1217 3950 1300 4003 Antea
1313 3947 1424 4002 llortem
1435 3947 1580 4014 legebatur,
1592 3945 1666 3999 nullo
1677 3959 1770 4001 sensu.

981 4019 1072 4090 ltaque
1083 4028 1156 4074 certa
1174 4027 1215 4073 est
1228 4027 1255 4074 ct
1270 4020 1437 4081 necessaria,
1454 4018 1516 4073 licet
1530 4015 1609 4071 utrius
1624 4023 1728 4071 tantum
1742 4022 1770 4071 el

980 4089 1104 4155 alterius,
1126 4105 1175 4144 nec
1194 4093 1356 4158 optimorum
1376 4089 1508 4154 codicum,
1526 4085 1689 4142 emendatio.
1711 4084 1771 4141 l'ilii

980 4161 1120 4215 occasione
1134 4171 1245 4215 matrem
1259 4167 1459 4225 corxnmemorat,
1477 4169 1503 4214 ut
1519 4169 1546 4212 et
1558 4156 1660 4212 Statius
1673 4156 1769 4214 eodem

980 4231 1039 4286 leco
1051 4251 1058 4285 :

1042 4322 1103 4372 Nota
1116 4336 1204 4384 parens
1215 4336 1286 4372 eursu
1301 4337 1307 4372 :
1320 4321 1502 4385 quislloennlire
1512 4317 1631 4370 Atalantae

1041 4384 1142 4433 Nesciat
1154 4388 1281 4446 egregium
1291 4385 1375 4444 deeris,
1388 4390 1415 4434 et
1426 4385 1530 4447 uestigia
1540 4384 1634 4432 cunetis

1042 4444 1225 4508 lodeprcheusa
1240 4447 1334 4508 procis?

1020 4591 1030 4630 l
1048 4592 1175 4648 Filiorum
1189 4592 1268 4658 hetii,
1285 4607 1397 4663 quorum
1412 4592 1518 4659 quidem
1533 4589 1660 4646 memoria
1673 4597 1771 4660 exstat,

983 4664 1050 4718 alter
1061 4662 1095 4717 de
1110 4664 1154 4715 avi
1172 4665 1285 4718 materni
1299 4663 1407 4717 norrrine
1420 4660 1539 4732 Carpilio
1554 4660 1705 4730 appellatus
1719 4669 1772 4716 cst.

980 4734 1050 4788 Aelii
1065 4748 1181 4801 namque
1196 4749 1263 4788 uuor
1277 4733 1371 4788 incerti
1386 4734 1518 4802 nominis,
1539 4731 1592 4786 stlia
1614 4730 1663 4786 luit
1678 4731 1772 4800 earet·

979 4804 1048 4859 lonis
1070 4804 1215 4859 excurrite
1235 4804 1460 4868 domesticorum,
1482 4812 1511 4858 ut
1525 4812 1618 4857 auctor
1637 4809 1680 4856 est
1702 4801 1772 4870 apud

979 4873 1134 4945 Gregorium
1159 4874 1258 4928 Toron.
1284 4873 1448 4943 Frigeridus.
1479 4873 1604 4931 Sidonius
1627 4869 1771 4927 Gothicam

980 4945 1017 4999 illi
1035 4946 1153 5015 regiique
1172 4947 1307 5014 sanguinis
1320 4945 1429 5014 stirpem
1444 4943 1526 4998 luisse
1539 4942 1689 5012 signitlent;
1703 4941 1772 4997 alio·

980 5016 1024 5083 qni
1038 5018 1173 5071 exclusam
1196 5031 1224 5070 se
1239 5029 1254 5068 a
1268 5015 1380 5082 sceptris
1402 5014 1501 5070 Geticis
1525 5028 1580 5068 non
1600 5019 1772 5083 quereretur.

976 5085 1051 5141 dlter
1065 5087 1248 5148 Gaudentius,
1263 5085 1296 5140 dc
1310 5101 1363 5154 qno
1382 5084 1425 5139 hic
1438 5100 1543 5150 sermo,
1563 5098 1615 5138 avo
1636 5083 1702 5136 itam
1724 5081 1773 5139 sed

977 5167 1089 5225 paterno
1103 5156 1278 5225 cognominis.
1296 5157 1372 5211 lletio
1391 5155 1463 5210 enim
1484 5163 1559 5225 pater
1580 5153 1629 5208 luit
1642 5150 1772 5208 Gauden-

977 5232 1046 5288 ttns,
1068 5242 1157 5282 comes
1173 5236 1201 5282 et
1219 5227 1344 5295 magister
1363 5227 1499 5296 equitum,
1515 5240 1594 5295 quem
1610 5224 1728 5294 Prosper
1742 5224 1772 5279 in

977 5297 1070 5353 Galliis
1083 5313 1098 5352 a
1113 5298 1240 5352 militibus
1253 5299 1369 5352 occisum
1384 5305 1469 5351 ructat.
1491 5294 1621 5350 llunnicre
1632 5293 1774 5361 legationis

982 5383 1032 5438 qua
1051 5368 1156 5423 iunctus
1170 5378 1212 5424 cst
1229 5369 1344 5437 carpilio
1365 5366 1454 5434 lilius,
1470 5367 1547 5423 testis
1560 5375 1602 5421 est
1616 5363 1726 5420 Priscus
1745 5365 1775 5420 iu

978 5441 1110 5506 excerptis
1136 5438 1311 5507 legationum,
1328 5447 1356 5493 et
1376 5437 1489 5494 Senator
1502 5452 1512 5492 t
1526 5435 1645 5502 Variam,
1658 5435 1688 5489 l.
1703 5432 1775 5489 Gau·

137 5505 245 5569 baidus:
265 5507 387 5579 e1119
405 5504 582 5575 Apollodorus
604 5506 652 5560 lib.
671 5521 699 5560 nr
721 5506 783 5562 belli
806 5505 926 5563 Thebani
977 5509 1095 5564 dentium
1114 5523 1179 5563 xero
1198 5508 1268 5561 hurrc
1283 5506 1356 5563 Urbe
1371 5519 1447 5579 capta
1468 5508 1495 5562 in
1509 5506 1628 5563 hlricam
1642 5518 1705 5561 eum
1719 5505 1775 5559 lla·

137 5577 219 5635 rluces
237 5593 414 5642 enumerans,
434 5580 612 5654 Παρθενοπαῖος
629 5578 792 5638 anastasiam,-
814 5578 924 5651 Ἀρκάςε
977 5578 1116 5634 lentinian'r
1148 5578 1251 5633 liliabus
1282 5578 1424 5635 abductum
1455 5594 1472 5634 a
1500 5575 1646 5635 Genserico
1678 5584 1776 5633 narrat

138 5645 339 5720 Parthenopam
351 5648 501 5704 Nilonionis
515 5649 595 5717 filius,
611 5648 699 5702 drcos.
713 5650 749 5703 he
761 5663 813 5718 quo
827 5648 923 5706 iterum
976 5649 1083 5706 idatius.

138 5720 277 5790 pratalia,
294 5724 406 5793 ἐγέννησε
419 5720 446 5778 δὲ
461 5723 488 5776 ἐν.
502 5721 666 5781 Μείλκνίωνος
681 5719 815 5780 Ἀταλάντη
830 5723 923 5792 llepde-
949 5728 954 5736 ’
1010 5719 1130 5783 llttlldd
1144 5719 1411 5782 clenehohuriorum
1426 5720 1617 5794 Galliae,dtlhs
1632 5717 1775 5792 Maioriani
