3810 6254
627 265 797 360 turanum
816 301 863 358 uu
885 299 1055 357 tturoanu
1077 297 1255 358 ursasnu.
1705 297 1762 358 saa

139 303 192 366 atla

141 419 168 475 la
183 435 242 491 cap.
258 418 303 481 55.
318 425 346 473 et
357 413 470 471 eliasibi
485 412 614 468 laudatas.
630 413 700 468 Nihil
720 422 809 467 attexo
822 412 856 467 de
871 412 921 468 Ba·
933 412 1001 475 Ain
1022 412 1111 467 Alrica
1126 413 1177 467 'cui
1202 427 1298 467 nornen
1318 420 1376 466 erat
1397 410 1471 466 Cina.
1495 411 1539 469 Sic
1551 410 1620 467 inlra
1632 427 1708 466 num.
1722 413 1758 468 52

140 490 295 613 Βιίωιιιιιι
304 487 434 542 celebrem
443 484 509 539 adeo
517 483 760 551 reddiderunt‚tum
769 481 921 606 Dassaicnsis

973 481 1037 536 Giru
1052 482 1178 546 Marcelli,
1193 498 1267 538 uum.
1285 482 1331 537 lat
1349 481 1413 537 Girat
1427 483 1534 548 Tarasir
1550 491 1578 541 et
1593 484 1618 536 ia
1630 482 1757 539 Maurita-

165 560 336 614 oaatistarum
350 555 450 610 lamosa
465 554 707 626 pseudo-synodus,
728 561 782 607 tum
828 560 921 607 ouatus
971 554 1015 607 nia
1027 552 1183 606 Caesariensi
1200 568 1272 607 num.
1285 554 1301 606 9
1316 552 1528 607 Cirantontensis.

140 629 312 696 bagaiensis,
339 642 417 696 quem
441 627 478 680 uti
503 633 645 694 naarlyrem
672 624 751 678 iidem
776 623 921 677 Donatistae
1008 623 1052 677 19.
1072 623 1276 676 Cuteuttrauus.
1296 624 1457 677 blemaratur
1467 624 1493 676 in
1504 623 1650 677 Collatioua
1660 623 1755 679 Carth.

139 698 208 754 adeo
224 701 344 767 impense
363 697 441 767 120
460 695 592 760 colebant,
607 693 641 749 (le
656 708 708 762 quo
721 693 831 761 Optatus
844 691 919 757 plura
971 706 1030 762 cap.
1048 692 1094 746 tal
1124 693 1273 746 Cresconius
1293 695 1426 763 episcopas
1443 691 1566 748 Ecclesia
1589 692 1756 749 Cuicalitaacs

141 769 221 823 babet
231 769 277 823 lib.
293 782 333 821 ιιι.
344 766 396 821 Sed
410 769 467 818 liae
477 765 540 818 urbs
551 764 677 831 illustrior
690 765 773 817 evasit
786 765 819 816 ob
830 762 922 816 imma·
971 765 1128 831 catholicus,
1140 766 1185 832 qui
1202 771 1311 816 testatus
1327 775 1368 817 est
1381 764 1560 829 aniversarium
1575 778 1651 818 suum
1667 778 1682 818 e
1695 781 1756 819 ottr-

141 839 184 894 ttia
204 837 343 907 supplicia,
366 837 461 918 quibus
479 836 506 888 in
523 834 709 888 Maximianum
725 832 844 901 ejusdem
870 833 920 887 loci
972 848 1035 900 pore
1049 835 1174 887 exivisse.
1192 832 1499 903 lt'lpidasurasepiacopus
1511 833 1687 889 Caicalitaaata
1698 850 1756 905 pro·

140 908 299 963 catholicum
330 908 474 960 antistitem
504 903 649 958 Donatistae
678 911 830 956 satiarunt.
859 902 920 957 llaec
971 903 1060 956 uincioe
1085 903 1215 956 d'uanidioe
1237 905 1359 956 laudatur
1379 907 1404 956 in
1426 904 1538 958 concilio
1550 903 1756 972 Carthaginensi

140 978 223 1032 insius
236 985 345 1045 exponat
362 983 469 1029 sanctus
484 974 647 1041 Augustinus
660 974 771 1038 epistola
784 973 828 1031 85.
845 988 918 1026 nunt.
970 975 1021 1028 sub
1033 972 1176 1037 Danihelo,
1201 988 1233 1026 er
1257 973 1340 1027 altera
1365 974 1468 1043 synodo
1484 976 1533 1027 sub
1548 974 1629 1029 Grato
1645 975 1753 1030 habita:

107 1092 109 1099 ,
139 1047 175 1103 26
189 1058 215 1104 et
231 1062 318 1117 seqq„
340 1048 384 1115 qui
398 1046 496 1112 [tussim
517 1044 639 1098 eumdem
652 1053 770 1096 sanctum
784 1043 922 1097 conlesso·
971 1044 1084 1111 indeque
1099 1042 1262 1097 emendanda
1276 1044 1350 1097 istius
1362 1044 1575 1113 synodiutraque
1587 1044 1668 1100 editio
1682 1053 1756 1102 tomo

138 1132 197 1172 rem
213 1119 314 1181 laudat;
330 1115 498 1171 iltiusaurem
510 1116 636 1168 memoria
648 1112 796 1167 celebratur
811 1112 837 1165 in
852 1112 920 1166 Mar·
970 1113 992 1167 lt
1007 1112 1089 1168 Cone.
1100 1112 1196 1176 Labb.,
1210 1115 1253 1165 ulti
1268 1116 1319 1166 col.
1335 1114 1396 1177 tlt,
1420 1129 1478 1180 cap.
1497 1116 1546 1178 11,1
1561 1113 1755 1184 Elpidopharas

140 1195 151 1241 t
170 1188 272 1257 rologio
283 1185 403 1241 Romano
417 1184 461 1239 die
474 1186 490 1238 5
502 1183 634 1247 Octobris.
647 1183 673 1236 in
688 1197 766 1246 tpuem
777 1180 846 1235 diem
860 1182 920 1237 vide
971 1181 1127 1247 Caisitanaa
1139 1197 1185 1238 sett
1199 1181 1368 1246 Chaaitaaas‚
1382 1192 1427 1237 aul
1438 1182 1640 1250 Catonianam
1652 1195 1679 1240 et
1698 1187 1752 1241 col.

162 1259 246 1312 aronii
267 1263 366 1310 nous:
387 1255 423 1310 ibi
444 1253 541 1323 quippe
564 1251 757 1308 illustrissimus
777 1252 918 1307 cardinalis
971 1253 1059 1316 1895,
1081 1268 1113 1307 ex
1135 1254 1195 1307 cod.
1226 1253 1351 1307 l’utirano
1377 1252 1565 1308 Cuiccalitcaas
1589 1257 1752 1311 nominatur.

140 1329 215 1395 plura
228 1326 261 1382 de
275 1324 327 1380 isto
340 1324 448 1394 egregio
461 1323 615 1378 coulessore
628 1321 772 1390 congessit.
786 1319 918 1378 Caeterum
971 1322 1076 1376 Crescat
1098 1337 1146 1377 scu
1161 1323 1311 1377 Crmcoaias
1326 1324 1457 1392 episcopas
1479 1323 1577 1377 Caiculi
1594 1325 1755 1394 subscripsit

139 1397 302 1452 Donatianus
316 1395 467 1464 Dagaiensis
479 1395 632 1462 episcopus,
647 1393 693 1445 sed
709 1392 855 1455 Donatista,
869 1392 919 1445 ad·
970 1393 1084 1447 etaucilio
1102 1394 1258 1462 rgenerali.
1280 1392 1332 1447 Sed
1353 1392 1393 1446 his
1414 1393 1537 1448 omnibus
1557 1393 1690 1464 uastiquior
1712 1404 1755 1450 est

138 1466 188 1520 luit
199 1467 279 1521 etiam
291 1465 431 1520 Collatiam
443 1462 566 1531 Carthag.
578 1477 638 1530 cap.
650 1461 711 1524 176.
726 1463 794 1515 sicut
806 1472 834 1516 et
843 1459 868 1513 F
869 1462 920 1516 elia
970 1461 1172 1516 Pudeatiaaasa
1187 1462 1298 1525 cuiculi,
1311 1462 1355 1531 qui
1367 1478 1413 1531 pro
1432 1465 1626 1532 rebaptizandis
1642 1463 1753 1520 haereti·

137 1535 248 1606 sDapai
262 1535 376 1591 coneilio
391 1532 609 1602 rebaptizantium
624 1532 672 1586 sub
682 1538 775 1586 salicto
785 1529 919 1601 Cypriane
969 1531 1008 1586 cis
1027 1535 1185 1587 sententiam
1205 1532 1264 1586 tulit
1279 1533 1306 1585 in
1324 1533 1437 1587 concilio
1451 1533 1575 1603 Cartbag.
1593 1534 1642 1589 sub
1657 1542 1753 1590 sanata

59 1656 62 1661 .
137 1620 211 1660 utam.
235 1606 280 1661 19.
297 1605 335 1659 Ea
357 1605 397 1658 bis
419 1614 508 1657 autem
530 1602 654 1656 omnibus
676 1616 735 1670 quas
751 1601 917 1667 ytrotulimus,
969 1601 1103 1672 Cypriauo
1117 1618 1190 1658 num.
1209 1603 1254 1668 tl,
1270 1604 1345 1669 cujus
1362 1603 1537 1671 objectionem
1553 1619 1584 1659 ea
1600 1606 1753 1673 responsio·

137 1676 225 1746 quiris
239 1676 315 1729 larile
327 1675 475 1743 intelligere
489 1680 574 1741 potest
589 1686 667 1740 quam
682 1670 789 1726 dillicilo
802 1673 835 1725 sit
850 1671 918 1726 iuter
968 1673 1047 1727 nibus
1066 1687 1131 1739 quas
1145 1673 1178 1727 ad
1194 1671 1306 1726 aliorum
1329 1672 1446 1727 rationes
1460 1672 1515 1742 y'am
1536 1673 1649 1737 leeemt.
1672 1674 1754 1730 solvit

137 1753 176 1799 tot
191 1745 316 1814 ambages
327 1745 424 1812 aliquid
435 1746 502 1797 certi
514 1743 547 1796 de
562 1744 672 1796 istarum
683 1742 818 1795 civitatum
832 1743 918 1795 nomi·
969 1741 1131 1811 Augustinus
1147 1743 1214 1796 libro
1224 1757 1258 1794 vn
1271 1741 1304 1796 de
1319 1742 1454 1810 Daptismo
1474 1754 1566 1799 contra
1589 1744 1752 1807 Donatistae,

137 1815 216 1871 uibus
237 1824 362 1868 statuere.
390 1814 467 1882 Vagae
491 1814 517 1867 in
537 1811 667 1866 lluruidiae
690 1808 822 1877 prbaincia
846 1784 1028 1880 urbisBcrp.
1049 1813 1093 1866 55.
1114 1812 1197 1882 liujus
1220 1811 1294 1866 urbis
1316 1814 1416 1867 nteutio
1439 1814 1550 1868 habetur
1572 1815 1599 1869 in
1622 1814 1753 1870 Antonini

137 1886 216 1940 situm
227 1884 352 1940 discimus
361 1898 393 1938 es
406 1884 473 1938 actis
481 1881 917 1949 sanctiblammariisociorumque
970 1881 1117 1936 itinerario.

137 1966 295 2026 martyrum,
319 1968 379 2020 quse
402 1966 434 2008 ex
460 1952 558 2007 celebri
581 1951 740 2006 bibliotheca
765 1951 917 2020 principalis
1006 1955 1048 2006 ll.
1069 1954 1244 2007 Aunonassts.
1268 1953 1296 2006 ln
1318 1952 1465 2008 Collatione
1484 1952 1608 2024 Carthsg.
1624 1968 1682 2021 cap.
1698 1954 1751 2010 199

137 2025 291 2078 monasterii
310 2022 472 2078 Denedictini
491 2021 580 2077 Sancti
601 2021 667 2074 Calli
691 2019 759 2089 apud
784 2021 917 2074 liclretius
969 2021 1039 2077 iuter
1062 2023 1211 2077 Donatistas
1237 2022 1384 2077 recensitus
1407 2023 1456 2077 luit
1480 2024 1601 2079 Seruatus
1616 2025 1752 2094 episcopua

126 2104 224 2156 'cruta
250 2105 323 2147 torno
348 2093 380 2146 ll
409 2093 534 2146 Veterum
563 2090 750 2146 Analectorum
778 2104 792 2142 a
818 2090 917 2144 dartana
968 2091 1160 2159 Atrtpltorensia‚
1179 2092 1436 2160 quetahuucipsum
1455 2108 1515 2148 usse
1534 2103 1609 2162 putat
1629 2093 1751 2150 Norisius

138 2163 239 2218 Juaune
254 2163 404 2217 blabillonio
426 2163 495 2216 edita
512 2173 583 2226 suut.
605 2160 643 2213 ibi
666 2161 835 2213 blammarius
847 2160 916 2226 apud
968 2161 1013 2229 qn
1027 2176 1087 2231 cap.
1104 2162 1150 2216 lat
1168 2161 1259 2215 Dortati
1273 2163 1384 2233 episcopi
1398 2162 1518 2217 Ecclesiae
1533 2164 1686 2218 Aahareasis
1702 2165 1751 2218 ad-

140 2233 280 2304 Voqensent
294 2232 416 2285 ciuitatem
430 2232 457 2286 ia
473 2231 592 2284 Numidia
608 2230 789 2298 apprehensus
803 2231 915 2296 dicitur,
968 2237 1101 2286 uersat-ius
1113 2233 1218 2286 dicitur.
1234 2230 1363 2284 Anbarant
1385 2242 1408 2286 et
1423 2234 1560 2298 Antporam
1577 2249 1623 2289 seu
1637 2234 1751 2314 Arrapha-

137 2318 189 2358 non
205 2304 306 2372 longea
321 2302 460 2368 lambese,
472 2301 553 2355 altera
568 2299 686 2367 ejusden
699 2300 841 2366 prodacta
855 2308 917 2353 anta
967 2317 1024 2354 rasta
1036 2317 1113 2354 utrum
1128 2310 1154 2355 ot
1170 2303 1292 2355 eatadem
1306 2298 1365 2356 e'sse
1381 2303 1470 2355 urbem
1493 2315 1587 2369 praeter
1603 2303 1749 2371 Naristum,

137 2375 278 2434 ciuitatem
290 2372 385 2439 quibus
399 2373 478 2426 etiam
495 2371 563 2423 haud
580 2371 670 2438 procul
685 2370 811 2423 distitisse
823 2368 918 2423 Tanta·
968 2383 1090 2425 asserunt
1102 2373 1182 2426 etiam
1192 2372 1240 2424 uiri
1255 2371 1351 2424 erttdlti
1361 2372 1478 2426 loannes
1486 2374 1629 2427 Carnarius
1641 2374 1666 2427 in
1678 2375 1749 2428 taulis

138 2443 234 2513 godins,
251 2441 388 2511 Tigisianet
402 2439 496 2494 Boseth
517 2448 692 2508 cognomento
711 2439 872 2508 Aaloratiant
884 2455 916 2495 ex
968 2439 1001 2494 ad
1023 2442 1132 2495 hiarium
1154 2441 1337 2504 bimembrem,
1358 2451 1385 2494 ut
1406 2442 1558 2506 Stepltanus
1579 2443 1701 2497 baluzius
1722 2443 1751 2498 itt

138 2514 232 2568 iisdem
245 2515 312 2566 actis
322 2511 464 2579 colligitur.
475 2510 538 2564 Alibi
550 2511 604 2563 lere
619 2509 753 2562 exciderat
768 2524 878 2563 arroaere
890 2511 916 2563 iu
969 2511 1039 2564 antis
1053 2511 1087 2565 ad
1097 2511 1272 2565 collationem
1286 2510 1429 2581 Carthag.;
1448 2513 1491 2580 qui
1507 2512 1565 2567 loeo
1580 2513 1687 2567 laudato
1700 2528 1751 2580 pro

138 2581 318 2636 vetustissimo
345 2579 547 2649 Carthaginensi
570 2578 724 2632 kalcttdario
746 2593 771 2631 tv
796 2577 918 2632 kalendas
968 2581 1121 2641 Arabarensi.
1135 2580 1197 2650 legit
1213 2581 1749 2651 Ambureasi,monetquelreqaentesesse

139 2649 289 2705 Naactabris
314 2648 438 2717 Vagenses
463 2659 592 2719 attartyres
617 2647 755 2713 celebrari,
779 2663 845 2716 quas
867 2649 917 2703 sibi
967 2648 994 2703 in
1008 2665 1059 2704 ms.
1070 2651 1207 2705 codicibus
1220 2650 1367 2703 litterarum
1381 2668 1398 2718 p
1412 2662 1437 2705 et
1447 2656 1472 2715 b,
1487 2660 1533 2706 aut
1544 2668 1559 2706 o
1571 2663 1598 2708 et
1609 2669 1627 2706 s
1639 2667 1747 2721 pernam

138 2720 242 2789 ignotos
256 2736 315 2775 esse
330 2719 426 2774 latetur
439 2719 508 2774 idem
524 2718 703 2773 llatuttontus.
717 2717 770 2771 Sed
785 2718 915 2787 suspicari
968 2720 1092 2775 tationes.
1108 2720 1174 2775 iliae
1187 2735 1239 2773 nou
1252 2719 1400 2775 audiendus
1419 2721 1502 2776 Lucas
1521 2718 1682 2789 holstenius,
1702 2721 1749 2793 qui

138 2791 252 2845 lortrtsse
267 2792 327 2859 quis
341 2799 432 2859 posset
446 2804 493 2845 cos
505 2804 565 2844 esse
580 2787 763 2842 Maatruarium
777 2783 918 2857 sociusque
969 2803 1016 2858 pra
1032 2791 1187 2843 Aahusensis
1201 2789 1340 2857 legendum
1354 2806 1413 2845 esse
1425 2800 1499 2861 putat
1514 2792 1666 2846 Abbireasia.

138 2861 206 2930 ejus,
222 2875 333 2929 quorum
346 2869 405 2914 acta
417 2859 496 2914 modo
511 2857 694 2913 laudab-umus.
716 2857 791 2912 Licet
806 2858 876 2912 enim
891 2861 916 2913 in
1003 2859 1047 2915 11.
1068 2859 1256 2914 Fassutraaas.
1276 2860 1319 2913 Sic
1331 2861 1414 2916 codes
1430 2878 1480 2915 tus.
1495 2872 1605 2931 uterquc
1617 2877 1677 2917 curu
1691 2861 1750 2916 etli-

138 2928 915 2993 ciaitathoscthluerintconsummati‚blummarittstamen.
969 2926 1011 2982 tis.
1029 2928 1315 2997 llunelocumlegeati
1343 2932 1457 2999 primum
1485 2932 1511 2985 in
1537 2941 1652 2987 mentem
1675 2933 1750 2987 venit

138 3002 182 3066 qui
202 3002 320 3057 omnium
344 3010 402 3055 erat
424 3000 504 3054 ueluti
526 3009 600 3070 pater
620 3007 647 3053 et
670 2999 828 3067 precipuus,
848 2997 917 3067 apud
968 2996 1054 3053 Fessa
1067 2999 1130 3054 urbs
1144 2998 1186 3053 bis
1197 3000 1361 3067 temporibus
1376 3002 1401 3055 in
1421 3001 1546 3056 hodierna
1566 3001 1690 3056 Darbaria
1704 3016 1750 3057 ce-

139 3068 238 3141 Vagam
257 3072 357 3141 primus
370 3071 486 3126 omniunt
503 3069 718 3137 comprehensus¹
731 3067 787 3132 luit,
803 3067 917 3137 indeque
969 3067 1060 3134 labris,
1073 3085 1133 3124 cunt
1148 3083 1230 3137 regalo
1242 3069 1293 3123 sibi
1307 3071 1481 3140 cognomino;
1496 3087 1574 3142 quam
1589 3074 1750 3141 putaulease

138 3155 186 3211 per
208 3143 295 3195 uarias
320 3141 398 3196 urbes
421 3157 480 3195 curu
502 3141 561 3195 aliis
584 3139 799 3202 circumductus;
824 3149 953 3218 ntuaesss
973 3135 1219 3194 Valabibnaurbem
1235 3139 1750 3208 aPtolemae,Antoniumaliisqueau·

137 3211 207 3279 apud
221 3212 321 3288 vagata
331 3211 486 3289 interrogati
503 3219 566 3271 suat
579 3221 605 3273 et
623 3211 650 3272 in
663 3216 881 3272 carcerareclnst
902 3231 917 3270 a
969 3212 1049 3285 mpr's
1059 3217 1245 3272 incrustatum
1254 3210 1438 3284 Atlohdtilia.
1453 3221 1589 3288 totumque
1600 3212 1751 3274 instaurat

138 3291 252 3354 semitm
265 3290 334 3342 unde
349 3287 497 3344 tandentad
512 3288 657 3343 Anulinum
669 3287 751 3349 missi,
765 3291 810 3355 qui
824 3285 917 3340 cratin
968 3301 1079 3356 ragnum
1103 3288 1137 3341 ad
1157 3302 1215 3342 earu
1239 3285 1336 3342 Alriece
1358 3300 1458 3356 partum
1478 3301 1580 3359 spectat
1602 3306 1661 3356 qun
1685 3289 1752 3345 olim

138 3358 245 3412 civitate
266 3359 382 3424 llosetb,
409 3357 537 3412 Voreascs
560 3358 613 3412 dici
638 3367 735 3412 extunc
758 3364 916 3426 potueruut,
967 3355 1122 3412 blauritauiu
1136 3356 1275 3427 Tingitana
1288 3360 1480 3426 appellabatur.
1491 3362 1584 3430 etipsa
1595 3357 1752 3414 urbslessa

138 3427 210 3496 quod
225 3442 320 3484 nomen
331 3431 410 3484 etiam
424 3377 464 3483 111ι
469 3438 591 3497 posteros
604 3429 786 3483 trartsauissum
802 3426 919 3482 est.Utut
967 3426 994 3480 ia
1009 3428 1090 3482 maris
1100 3428 1189 3482 littore
1207 3441 1299 3482 tersus
1311 3427 1463 3498 llispaniam
1479 3432 1529 3484 sita
1546 3439 1602 3496 est,
1623 3430 1751 3496 proinde·

138 3498 184 3564 sit,
204 3497 351 3554 dlammnrii
369 3509 402 3554 et
424 3502 558 3554 sociorum
579 3499 637 3568 ejus
655 3497 822 3563 memoriam,
838 3511 917 3565 quam
968 3511 1019 3568 que
1030 3497 1381 3567 loagedistausaNumidia,
1392 3498 1517 3568 adquam
1529 3496 1752 3556 Feraeitanaurbs

138 3569 235 3637 ubique
245 3569 361 3638 ignotam
373 3583 433 3625 esse
447 3570 643 3625 existimaverat
654 3567 723 3622 ldem
735 3567 774 3621 vir
786 3567 917 3634 eruditus,
970 3568 1014 3623 luc
1025 3576 1172 3623 memorata
1186 3567 1327 3623 attinebat.

138 3635 361 3706 deprehendimus
373 3638 507 3695 celebrem
521 3653 581 3694 esse
594 3638 622 3692 in
635 3636 815 3706 bothariugia,
832 3646 859 3692 ut
878 3644 917 3693 to-
1004 3639 1049 3695 la.
1070 3639 1266 3694 Docaomsusts.
1284 3635 1314 3692 ln
1323 3638 1471 3695 collatione
1485 3638 1611 3711 Cartbag.
1625 3653 1687 3703 ran.
1699 3639 1751 3697 199

137 3707 186 3762 stis
196 3717 237 3762 est
247 3707 367 3764 Andreas
379 3709 527 3781 saussayus
537 3708 703 3764 'l'ullensium
714 3707 740 3761 in
753 3707 845 3763 eadem
857 3723 918 3777 pro·
968 3707 1038 3764 inter
1051 3710 1200 3765 Donatistae
1222 3709 1338 3764 occurrit
1364 3709 1480 3763 Donatus
1499 3710 1630 3781 episcopas
1651 3708 1752 3767 Bacca-

137 3775 225 3832 riucia
238 3778 357 3843 antistas,
373 3779 457 3847 quiin
472 3780 653 3849 martyrologii
667 3777 797 3834 Gallicani
810 3778 918 3847 supple·
968 3781 1072 3846 mensis,
1087 3777 1250 3834 hauddubie
1264 3779 1316 3833 buc
1329 3779 1503 3835 reuocandus.

137 3857 228 3902 attento
241 3849 298 3903 base
312 3848 392 3904 babet
405 3864 466 3918 pag.
487 3849 575 3904 liat:
593 3849 691 3916 Quarto
703 3848 762 3901 idas
783 3847 867 3902 iunii.
884 3846 918 3902 ln
1004 3851 1048 3904 11.
1070 3850 1296 3904 Dauareoasnsts.
1322 3848 1490 3919 Legendum4
1510 3848 1671 3907 admonente
1687 3865 1752 3907 ertt·

137 3916 303 3989 bothariagt'a
313 3919 408 3974 natalis
421 3919 503 3974 tancti
516 3918 664 3973 flammarii
677 3926 701 3973 et
710 3917 837 3972 sociarant
850 3935 918 3973 attar-
967 3918 1023 3974 dito
1034 3920 1152 3985 baluzio,
1168 3918 1438 3982 announcement
1453 3919 1664 3987 l'antaccorcast'a‚
1675 3922 1753 3991 cujus

136 3995 231 4057 tyram,
250 4004 313 4060 quos
331 3989 359 4043 ia
376 4006 429 4044 aaa
450 3988 606 4058 confessione
618 4004 724 4042 summe
738 3987 847 4043 Deitatis
860 4005 919 4059 per·
969 3989 1021 4045 loci
1042 3987 1178 4046 Cassianae
1200 3992 1329 4059 episcopas
1351 3988 1435 4043 adluit
1456 3989 1596 4045 Collationi
1621 3988 1751 4062 Carthag.

135 4067 259 4125 scatentes,
274 4060 343 4130 seras
358 4069 502 4130 persecutor
517 4060 660 4114 trucidabit.
672 4061 736 4126 Duas
747 4059 847 4128 optime
857 4075 917 4115 cum
968 4074 1027 4128 cap.
1042 4059 1092 4116 titt
1105 4074 1165 4114 eunt
1179 4058 1281 4113 Donato
1301 4059 1384 4128 ipsius
1400 4060 1562 4115 adversario.
1584 4061 1679 4116 blisum
1701 4077 1753 4116 au·

135 4128 203 4184 actis
216 4130 407 4184 blabillanianis
422 4141 581 4199 congruunt,
592 4130 618 4182 iu
634 4129 729 4198 quibus
743 4130 822 4183 etiam
836 4129 917 4184 iidem
969 4139 1022 4184 totu
1037 4131 1121 4184 eidem
1138 4129 1244 4183 Daluaio
1271 4128 1373 4184 videtur
1394 4131 1464 4198 quod
1482 4129 1600 4186 Donatus
1620 4144 1679 4198 capa.
1699 4131 1753 4187 ld'l

135 4207 267 4268 martyres
289 4201 354 4254 horo
377 4207 449 4254 secta
472 4214 499 4255 tr
520 4200 579 4254 idus
600 4197 672 4253 danii
691 4200 761 4266 passi
783 4200 917 4255 dicuntur.
968 4200 1087 4266 ejusdem
1102 4197 1367 4253 Collationisdiaerit
1382 4201 1482 4254 uultum
1496 4215 1555 4255 sese
1568 4201 1753 4258 adversarium

135 4265 220 4322 Porro
233 4267 365 4323 Notkctus
382 4270 426 4324 die
447 4270 480 4324 ll
502 4269 589 4323 blartii
610 4268 680 4323 inter
693 4268 761 4322 alios
779 4269 918 4324 Alricauus
969 4268 1068 4323 habere
1079 4272 1105 4321 in
1122 4269 1197 4337 plebe
1214 4283 1271 4338 sua,
1288 4269 1339 4324 taisi
1352 4271 1437 4325 solunt
1455 4269 1615 4337 Absalaaena,
1628 4284 1699 4336 cam,
1712 4272 1754 4326 in-

135 4346 266 4416 martyres
289 4336 469 4391 Mantman‘aat
490 4348 629 4402 recenset;
654 4338 699 4392 sed
721 4350 770 4392 uec
784 4338 918 4392 sociorum
968 4339 1026 4408 quit
1040 4337 1208 4391 viroruditus
1221 4338 1246 4391 ln
1262 4340 1332 4392 stolis
1354 4339 1388 4394 nd
1410 4339 1591 4406 buriniacum,
1613 4340 1754 4398 Cassiam

135 4420 253 4472 nomana,
271 4422 322 4463 nee
341 4409 398 4463 dies
411 4407 470 4476 ejus
491 4407 602 4463 iestirus
624 4422 683 4462 cum
706 4408 773 4460 actis
793 4410 918 4476 componi
969 4424 1027 4478 cap.
1044 4408 1094 4461 198
1108 4410 1241 4478 episcopus
1254 4406 1461 4464 Ramuccoreasis
1474 4410 1614 4464 emitalicus
1633 4412 1754 4466 nonanta·

171 4487 258 4532 ssunt.
271 4477 310 4532 De
330 4479 389 4533 istis
402 4476 462 4532 aide
484 4477 671 4532 Bollandianos
685 4475 719 4530 ad
739 4478 859 4531 eamdem
884 4479 918 4534 tt
971 4486 1011 4535 tas
1024 4479 1066 4543 sit,
1088 4486 1111 4531 et
1128 4495 1144 4529 a
1163 4478 1263 4531 Donato
1286 4480 1397 4550 agnitas.
1420 4479 1474 4535 Sed
1494 4480 1568 4534 lallor
1587 4480 1610 4535 si
1631 4480 1761 4537 Donatus

160 4546 221 4600 artii
234 4547 315 4602 diem.
933 4526 1079 4604 Daumius
1091 4548 1233 4602 Absaloais
1246 4548 1290 4603 bic
1302 4549 1383 4602 alium
1397 4549 1509 4604 volucrit
1528 4549 1667 4621 designare
1681 4567 1754 4622 pras·

168 4616 196 4672 8.
216 4615 346 4673 Nassasts.
360 4618 514 4690 Suspicatur
529 4616 561 4672 tl.
572 4614 603 4671 C.
618 4616 742 4672 Daluaius
757 4616 819 4672 buic
830 4617 918 4675 eidem
973 4626 1013 4673 ter
1026 4620 1169 4688 ipsummet
1179 4616 1346 4685 Cassianum,
1357 4634 1435 4689 quem
1449 4620 1608 4675 Absalonem
1621 4623 1753 4692 appellat,

133 4687 191 4742 aedi
210 4687 348 4757 praeluisse
365 4688 469 4743 iustum
491 4691 645 4759 episcopum
670 4685 851 4752 Nieibensem,
872 4691 917 4757 qui

133 4757 204 4813 iuter
218 4757 370 4814 Donatistas
383 4758 524 4814 Callationi
538 4759 663 4827 Carthag.
683 4757 768 4811 adluit
780 4771 840 4827 cap.
854 4757 916 4815 aot.

134 4826 296 4884 llemoratur
309 4829 335 4883 in
345 4829 438 4884 eadem
449 4828 663 4897 Collationeeap.
671 4827 721 4882 197
730 4829 918 4893 Quodvultdeus

134 4895 304 4964 licilianum,
321 4898 356 4954 de
369 4913 423 4968 quo
436 4900 507 4954 iuter
520 4900 674 4969 Byzacenos
687 4896 756 4952 ialra
774 4914 847 4953 num.
871 4901 916 4965 ti,

133 4967 178 5023 ubi
193 4968 226 5024 de
238 4968 310 5024 laeto
324 4970 474 5039 Neptitana.
499 4970 616 5024 Drtelius
637 4977 724 5024 autem
739 4969 765 5022 iu
780 4969 918 5026 Tltesauro

133 5036 315 5108 Geographico
329 5055 379 5110 pru
393 5039 513 5094 Nibensis
535 5039 675 5109 legendum
691 5052 750 5094 esse
764 5050 838 5107 putat
859 5040 918 5094 No-

93 5146 96 5151 .
132 5105 225 5163 temo.
236 5110 363 5165 Attamen
374 5124 427 5164 aon
439 5109 503 5165 editi
516 5111 614 5176 solum,
630 5124 690 5164 curn
705 5111 796 5165 codiee
809 5110 915 5166 baudu-

132 5179 219 5244 aensi‚
232 5180 280 5235 sed
295 5181 352 5250 ipse
373 5181 454 5235 etiam
474 5180 571 5236 llalleri
586 5181 670 5236 codex
690 5179 810 5235 [libentis
823 5181 912 5248 lubet,

130 5256 162 5302 ut
175 5248 287 5318 ipsemet
300 5251 415 5305 ortelius
430 5259 579 5306 attestatur.
603 5251 670 5306 Vade
690 5250 759 5305 inira
773 5252 842 5306 iuter
856 5252 913 5317 epi·

130 5321 400 5390 acoposllauritaniae
412 5321 587 5376 Cesarieusis
598 5337 672 5376 num.
690 5321 734 5375 91.
754 5320 842 5376 Naias
857 5320 914 5376 Fa-

130 5389 210 5445 scians'
231 5391 257 5445 in
270 5389 392 5446 Numidia
404 5392 502 5447 habent
523 5392 674 5458 Peutiugcri
690 5391 808 5446 Tabulae.

165 5461 191 5516 9.
208 5459 341 5517 thsrsts.
355 5462 480 5531 Ejusdem
495 5464 556 5528 loci,
570 5473 598 5516 ut
611 5462 717 5531 quidem
733 5472 823 5517 censet
836 5461 913 5517 Balu·

130 5530 197 5596 aius,
209 5532 257 5587 luit
267 5531 398 5587 Larianus
408 5536 539 5605 episcopata
551 5531 671 5586 Ecclesia
681 5529 812 5586 Gaireasia
820 5534 844 5587 iu
852 5532 913 5588 Col-

130 5605 229 5658 lattune
241 5603 380 5673 Cartbag.‚
396 5619 455 5672 cap.
466 5604 527 5668 125,
542 5605 706 5673 mquam
721 5605 812 5659 urbem
827 5606 914 5672 suspi-

46 5726 48 5731 .
128 5683 202 5728 catur
215 5674 352 5730 Carolusa
365 5675 464 5729 Sancto
478 5673 558 5726 Paulo
571 5687 631 5727 osse
643 5671 751 5727 Gatranr
767 5675 793 5727 in
806 5673 913 5728 Tabulis

130 5744 343 5813 l’cutingerianis
357 5750 542 5801 memoratam.
558 5743 703 5799 Cenaeum
718 5759 769 5800 una
785 5744 849 5801 urbs
865 5744 915 5801 luit

971 4688 998 4743 id
1013 4700 1055 4744 est
1068 4688 1151 4744 lilium
1166 4689 1395 4759 rebellem‚quad‚
1408 4699 1555 4745 eumautea
1565 4692 1624 4760 ejus
1639 4693 1755 4765 presby-

972 4767 1012 4814 ter
1028 4759 1161 4829 Doaatista
1180 4759 1284 4827 luisset,
1304 4762 1338 4814 ad
1360 4762 1487 4815 unitatem
1507 4761 1665 4816 ettbultcam
1684 4777 1755 4818 con·

971 4844 1065 4884 versus
1079 4830 1165 4884 eidem
1177 4844 1209 4885 ac
1219 4830 1285 4901 ipsae
1294 4830 1415 4886 ecelesiae
1427 4845 1442 4883 a
1456 4829 1596 4885 catholicis
1607 4834 1755 4901 praelectus

971 4900 1059 4955 luerit.
1076 4900 1151 4956 Unde
1166 4901 1283 4955 Donatus
1295 4902 1375 4967 capuit.
1396 4897 1447 4954 l28
1467 4902 1526 4955 ait:
1545 4904 1660 4971 Agarosco
1675 4904 1755 4959 tttaaa

970 4969 1136 5035 Cassianum,
1147 4973 1274 5041 presbyter
1283 4971 1417 5095 intenebris.
1426 4971 1456 5025 Et
1464 4985 1525 5039 cap.
1536 4972 1596 5036 191,
1605 4986 1665 5026 cum
1678 4972 1754 5029 idem

970 5041 1089 5096 Donamus
1112 5043 1233 5108 dixisset,
1252 5044 1329 5113 122
1378 5043 1458 5094 alluta
1479 5043 1558 5095 habeo
1577 5045 1755 5098 aduersariam

967 5113 1018 5166 aisi
1032 5112 1194 5179 Absaloaeaa,
1222 5117 1346 5168 Aurelius
1366 5111 1584 5167 blacernadiensis
1602 5112 1755 5171 catholicus

966 5181 1107 5251 episeopus
1118 5183 1273 5250 subiunxit:
1292 5181 1340 5235 llic
1356 5192 1393 5235 eat
1407 5182 1542 5248 episcopas
1560 5198 1670 5253 prosena
1685 5184 1754 5240 Cas·

966 5254 1065 5307 aionas.
1080 5254 1164 5307 Porro
1175 5253 1252 5322 bulas
1267 5251 1385 5330 episcopi
1400 5254 1541 5308 occasione
1554 5253 1643 5308 locum
1658 5257 1755 5310 conci·

967 5323 993 5377 lii
1009 5323 1228 5392 Curtltagineusis
1248 5322 1299 5376 sub
1321 5333 1414 5377 sancto
1429 5322 1563 5392 Cypriane
1584 5324 1666 5377 habiti
1689 5339 1755 5380 cur·

966 5402 1073 5462 ruptura
1098 5393 1223 5447 emendat
1247 5391 1316 5446 idem
1339 5393 1471 5457 Daluzius‚
1495 5394 1565 5463 quod
1584 5393 1639 5476 jam
1664 5394 1755 5451 editor

966 5463 1126 5518 Daouicusis
1139 5462 1317 5517 subodoratus
1327 5463 1422 5518 lucrat.
1437 5464 1486 5530 Qui
1500 5465 1570 5519 enim
1585 5463 1622 5519 tbi
1634 5462 1658 5515 F
1659 5465 1755 5520 elicui

966 5534 1108 5586 Amaccara
1121 5540 1168 5585 aut
1186 5534 1343 5587 Antacharra
1366 5536 1392 5589 in
1408 5535 1519 5605 vulgatis
1529 5534 1692 5606 editionibus
1706 5536 1755 5590 tri-

966 5605 1082 5671 gesimus
1103 5611 1212 5662 uemsus
1230 5607 1389 5659 sententiam
1404 5604 1481 5665 dixit,
1503 5603 1694 5660 aBaraaccara
1706 5619 1756 5677 ap-

966 5671 1059 5741 pellari
1081 5672 1170 5727 debet.
1193 5675 1293 5728 Eodem
1308 5675 1388 5730 modo
1402 5674 1597 5730 emendandum
1611 5683 1655 5732 ost
1674 5674 1756 5733 istius

967 5741 1042 5798 tarbis
1054 5757 1152 5800 nomeu
1162 5747 1233 5816 apud
1249 5747 1426 5820 Augustiuum
1441 5746 1510 5803 libro
1523 5746 1601 5805 rade
1614 5747 1760 5822 Daplisata
