3810 6254
149 278 198 336 etit

785 267 905 327 sibotttt
925 265 1152 325 ttosttttsuts

150 396 229 451 Certe
244 393 334 450 lrabuis
346 391 455 456 morsis;
470 403 547 461 quem
562 401 650 444 cacus
663 400 755 444 carcer
765 397 794 444 es
807 403 901 454 uncus,
953 390 980 448 Δ
1031 385 1103 443 ltieet
1118 385 1265 457 ingreditur
1279 385 1400 443 'tiberini
1414 385 1526 459 gurgitis
1539 395 1659 444 antrum.

150 486 186 542 lit
198 501 276 558 quem
288 484 426 555 spectabat
445 482 578 538 tracturus
593 488 701 553 guttura
715 479 806 547 lictor,

149 582 245 638 ilausit
260 580 389 648 Bebrycio
403 575 570 632 condensior
582 574 689 645 hospite
701 574 786 629 sirus.

150 673 231 744 299
241 670 306 725 lVam
318 679 343 725 te
355 670 400 738 qui
411 669 487 739 iugis,
502 668 625 723 nraudata
641 678 727 723 irrorte
738 674 903 737 peremptus,

148 763 205 818 Non
218 770 270 816 tam
284 761 394 817 victuris
408 761 487 831 periit
502 777 580 831 quam
593 760 691 830 judicis
702 775 761 817 ore.

186 864 199 894 ι
219 853 294 909 Nurac
308 854 384 919 ades,
403 851 522 918 oPaem,
540 853 615 911 lauro
635 853 807 923 enigrppbas
820 852 940 908 obuncos

149 948 231 1004 Docta
248 945 337 1015 lupata
354 946 446 1016 ligans,
463 946 569 1015 quoties
582 960 629 1013 per
643 944 755 1000 lrondca
769 945 826 1000 lora

147 1039 248 1095 Plectis
260 1039 414 1108 pcnnilerus
429 1038 534 1093 laederis
550 1038 713 1093 bicoloribus
725 1049 815 1093 armos
827 1055 834 1103 ;

148 1133 206 1188 linc
221 1143 348 1188 crantor-te
362 1131 476 1201 clrelyn;
494 1148 546 1185 rrou
568 1142 609 1185 cst
627 1131 815 1186 incanduere
836 1140 940 1199 tempus

147 1224 269 1293 Pptlronn
285 1225 455 1288 erarius-snm,
470 1240 519 1278 nec
534 1223 573 1277 bis
587 1234 696 1292 septena
712 1237 808 1277 sonare

147 1315 266 1372 Vulnera
281 1316 460 1382 Tutissimum,
475 1331 589 1386 quornm
607 1317 653 1372 tibi
669 1314 761 1370 lunera
776 1324 869 1370 serrat

147 1408 256 1472 oeneus,
274 1418 302 1463 st
317 1421 418 1464 acronio
432 1409 522 1463 uiuum
541 1411 566 1462 in
580 1410 701 1464 carmine
719 1419 831 1464 mortes.

147 1502 202 1556 Vos
216 1517 334 1572 qunque,
349 1503 508 1569 (instruimus,
523 1503 682 1572 paucisque
697 1502 808 1559 stamine
826 1503 904 1559 nobis

147 1597 258 1654 Venerit
273 1600 443 1666 Autlrernius,
456 1600 555 1669 genui
568 1615 628 1654 eum
647 1597 749 1655 loedere
763 1600 848 1670 regni,

146 1688 279 1745 Pandite:
297 1705 350 1760 pax
367 1706 455 1746 rerum
472 1691 553 1756 misit,
566 1693 609 1760 qui
626 1691 849 1762 bellaguberuet.

180 1785 302 1840 duxeras
315 1782 478 1854 augustusi
494 1796 596 1841 staturae
612 1784 670 1854 lege
685 1784 802 1841 Seuerus

146 1874 274 1931 Diuorum
289 1892 443 1941 numerum;
464 1892 543 1944 «quern
557 1893 618 1932 mox
633 1876 759 1932 tlerrutria
773 1892 864 1933 casum

146 1968 221 2026 Vidit
234 1980 263 2026 ut
277 1971 349 2025 aerei
361 1969 396 2025 de
412 1970 521 2040 rupibus
536 1971 681 2039 Apennini,

146 2059 237 2132 Pergit
247 2062 356 2117 eoemlei
373 2063 471 2118 vitreas
486 2063 519 2117 ad
533 2063 651 2118 Vibridis
666 2064 748 2129 aedes,

144 2147 204 2208 Non
219 2153 294 2224 galea
305 2155 432 2210 conclusa
445 2170 536 2225 geues,
554 2171 604 2211 nec
619 2157 708 2211 sutilis
719 2158 759 2214 itti

144 2240 265 2299 circulus
280 2245 402 2314 impactis
413 2244 523 2301 loricam
539 2248 623 2302 texuit
634 2247 730 2317 barnis,

144 2336 199 2394 Sed
213 2323 311 2393 aridata
326 2349 424 2407 caput;
439 2355 487 2408 pro
501 2340 577 2395 crine
591 2342 731 2396 racerniler
742 2343 798 2395 erit

144 2424 261 2482 Plurima
275 2443 322 2498 per
335 2428 452 2484 frontem
467 2431 653 2499 constringens
664 2432 760 2500 oppida
773 2432 882 2500 palmos,

143 2513 248 2587 Perque
259 2516 386 2573 humeros
401 2528 517 2585 teretes,
535 2522 677 2576 rutilantes
700 2538 801 2593 perque
821 2525 937 2582 lacertos

143 2607 262 2664 Pendula
275 2611 441 2679 geinmiterae
452 2612 613 2667 mordebant
628 2627 743 2683 suppara
759 2614 849 2670 bullae.

143 2698 258 2770 Segnior
272 2702 471 2772 inaeditgenio‚
487 2705 693 2775 uenerandaque
709 2707 828 2761 rirembra

144 2789 303 2850 Vitieosnam
319 2794 439 2851 retinens
451 2794 539 2852 baculi
555 2798 613 2852 rire
623 2797 705 2854 deerit
715 2800 747 2854 ad
765 2800 880 2857 trimum:

119 2920 122 2927 .
143 2880 197 2938 Sed
213 2891 302 2941 tamen
313 2884 423 2940 ubertas
435 2888 557 2956 sequitur
569 2903 577 2954 ;
592 2904 752 2960 quacunque
763 2894 935 2963 propinquat,

142 2969 253 3030 incessu
269 2975 395 3033 leeundas
408 2976 469 3042 iter,
484 2979 666 3050 comitataque
678 2995 814 3060 pressum

141 3064 215 3125 besa
230 3084 277 3139 per
291 3068 437 3139 impressas
447 3081 522 3127 rorat
535 3072 669 3130 vindemia
684 3073 799 3144 plantas.

178 3276 192 3305 ¹
211 3267 277 3321 Pars
301 3266 385 3321 altera
409 3268 571 3337 panegyrici,
600 3283 660 3338 quae
681 3268 786 3339 imperii
815 3269 933 3338 aruspicia
947 3269 974 3331 C·
988 3266 1139 3335 prouincias
1149 3267 1266 3322 assiduis
1281 3268 1480 3325 incursionibus
1495 3269 1614 3341 populari
1623 3281 1677 3325 noo
1688 3267 1785 3326 desiit·
1885 3282 1903 3293 ·

142 3338 272 3403 continet,
285 3353 364 3406 quarn
378 3337 483 3406 poetico
494 3338 573 3407 genio
585 3347 739 3408 pertractas.
753 3338 930 3409 Pingitenim‚

142 3418 247 3464 mortuo
272 3411 381 3473 Severo,
408 3408 520 3474 ltaliam,
543 3423 602 3463 cum
623 3408 744 3480 principe
766 3418 880 3476 careret,
897 3411 930 3466 ad

141 3476 246 3533 'liberis
258 3478 343 3533 lantes
354 3479 471 3542 uertisse,
489 3493 521 3532 ae
541 3492 652 3548 rogasse
662 3479 699 3533 uti
711 3479 804 3534 Romae
821 3495 931 3549 persua-

141 3546 212 3615 deat,
227 3559 255 3603 ut
267 3550 299 3602 ad
314 3548 444 3603 durorum
458 3558 559 3618 pergat,
575 3549 777 3620 principemque
790 3551 824 3605 ab
839 3566 870 3605 ea
886 3567 932 3620 pe·

139 3625 195 3686 tat;
210 3620 341 3675 Auroram
352 3634 416 3674 rere
431 3618 602 3678 Anthemium
615 3619 708 3675 llomaa
727 3621 850 3692 precibus
863 3637 930 3678 corr·

140 3689 366 3770 senioremque
381 3688 606 3771 borumomniurn
623 3705 752 3761 personas
764 3701 792 3748 et
802 3707 931 3764 congres-

139 3767 302 3886 Ἢοιῗιιιιιῗὲ
311 3759 571 3902 geibidseiscircssbldim
583 3812 680 3887 vocant
694 3843 800 3893 reseres
814 3835 928 3905 nummi)

139 3908 201 3970 post
221 3902 322 3956 caedem
342 3901 497 3971 Maioriani,
519 3901 660 3960 Ricimeris
684 3920 765 3973 opera
787 3905 929 3978 imperium

139 3971 226 4029 tenuit
243 3988 276 4027 es
299 3990 323 4026 n.
347 3988 373 4026 n.
395 3988 441 4027 xrrr
463 3973 567 4033 calend.
595 3974 722 4033 Decemb.
743 3976 809 4040 tot;
833 3977 929 4033 deinde

138 4051 236 4167 guamo
250 4053 311 4114 post
325 4056 396 4098 auno
410 4043 546 4114 ejusdem,
565 4054 594 4100 nt
608 4045 677 4102 larua
696 4055 765 4109 erat.
787 4046 928 4103 Ricimeris
967 4098 969 4102 Α

158 4111 926 4184 etoessstnernsesrxvrrreaiend.Septemb.Cassio‹torus:

137 4178 317 4239 Hermiuesiea
330 4192 353 4236 et
367 4182 491 4238 Basilisco
504 4201 569 4240 coss.
582 4184 609 4240 tt
612 4188 633 4240 is
649 4188 806 4253 consulibus,
823 4197 852 4241 ut
864 4188 929 4242 dici·

138 4259 192 4317 tssr,
209 4250 341 4305 liiciuaeria
356 4253 447 4323 [raude
463 4254 573 4311 Seuerus
588 4256 677 4312 Rasum
691 4258 717 4310 irs
728 4256 824 4325 palatio
835 4272 928 4313 ueneno

186 4331 340 4390 emptasest.
359 4323 409 4378 tilii
435 4337 481 4378 sua
503 4334 590 4381 nturte
612 4325 732 4383 iunctum
756 4327 875 4395 tradunt,
900 4340 928 4383 ut

161 4390 237 4444 arrius
250 4391 379 4447 diaconus
396 4393 439 4446 tib.
455 4409 489 4448 rr.
506 4394 582 4461 Quod
594 4395 718 4452 Sidonius
732 4412 837 4467 quoque
849 4399 928 4455 intel-

138 4455 184 4530 ligi
197 4460 291 4527 ruluis,
305 4475 366 4515 eum
379 4474 480 4517 tratura·
492 4465 549 4532 lego
559 4472 690 4521 rrrortuurn
707 4468 763 4523 ait:
785 4468 842 4524 sire
857 4472 926 4541 quod

138 4525 174 4584 lta
190 4530 385 4596 eredereusira
398 4542 425 4587 ut
438 4532 600 4591 Ricimerem
607 4535 741 4592 dustremii
751 4554 879 4610 generum
894 4543 927 4599 ab

138 4614 171 4655 ea
186 4610 248 4655 uota
266 4602 421 4659 vindicaret.
442 4603 585 4661 incidimus
601 4608 632 4661 ιιι·
643 4606 751 4664 breuem
769 4612 924 4682 indiculum,

138 4667 282 4727 iustiniani
310 4674 473 4741 temporibus
501 4679 646 4746 scriptum,
676 4680 701 4733 in
722 4696 776 4750 quo
800 4682 932 4753 principes

138 4755 233 4798 omnes
246 4743 280 4798 ab
292 4744 412 4813 degusto
428 4754 492 4828 quot
507 4748 584 4802 annis
599 4751 746 4818 roquerius,
771 4753 814 4808 ubi
833 4763 860 4808 et
880 4769 932 4825 quo

156 4826 237 4867 encre
256 4813 320 4868 letlri
345 4816 482 4884 perierunt,
508 4818 599 4887 paucis
613 4819 773 4884 explicatur.
796 4826 873 4907 112
894 4825 932 4883 De

174 4895 334 4939 reroautcm
346 4885 384 4940 sic
397 4886 476 4942 babet
490 4906 497 4944 :
512 4888 621 4945 Seuerus
637 4888 726 4947 Rorrrae
737 4893 868 4965 imperauit
884 4912 932 4951 orr-

138 4953 178 5007 uis
185 4951 212 5018 ι,
220 4953 303 5023 ibique
310 4954 425 5027 religiose
437 4959 519 5013 circas
530 4961 645 5017 decessit.

176 5023 402 5104 {Duplexeausa
427 5044 474 5082 cur
497 5031 644 5100 principem
661 5032 696 5090 ab
721 5034 830 5092 Oriente
858 5040 930 5104 posci

138 5093 217 5175 relat..
237 5096 294 5179 lina
319 5100 390 5167 quod
412 5100 485 5156 breui
512 5112 590 5172 atque
612 5103 778 5175 inauspicato
791 5122 873 5177 reguo
888 5111 928 5163 usi

138 5171 192 5216 srnt
211 5166 341 5237 prdrgenae
353 5184 455 5234 ornnes,
478 5172 523 5242 qui
541 5174 724 5241 superioribus
736 5176 813 5233 aunis
835 5193 928 5248 regna-

138 5242 217 5299 rant,
241 5236 384 5302 blasianus,
411 5242 524 5307 Avitus,
550 5242 714 5312 Maiorianus
741 5258 769 5304 ct
796 5246 924 5305 Severus.

137 5301 237 5384 disere.
255 5306 325 5375 equod
349 5309 476 5376 Ricimer,
496 5314 540 5382 qui
560 5324 619 5383 post
637 5316 729 5372 Seueri
751 5318 852 5374 obitum
877 5337 925 5390 per

137 5380 320 5447 interregnum
344 5381 535 5450 rempublicam
557 5386 756 5453 moderabatur,
779 5389 924 5449 Genserico

137 5443 212 5501 solos
235 5447 360 5503 resistere
385 5465 437 5506 non
457 5454 551 5522 possit.
573 5454 660 5523 Quare
680 5460 868 5517 maturandum
895 5473 924 5519 ut

136 5512 211 5572 illiue
223 5517 367 5587 imperatur
378 5524 554 5591 scortabatur,
563 5525 659 5596 quidlu
671 5537 698 5584 et
709 5528 822 5587 testetur
832 5546 926 5605 regnet

135 5580 467 5659 Vandalosquecoerceat.

170 5654 366 5716 ‘denserieus
379 5677 412 5717 ox
445 5677 462 5719 u

135 5730 276 5786 munim
287 5678 630 5809 preetpnabtrtmsiaimt
653 5740 791 5815 utriusque
815 5743 923 5817 inparis

462 5663 680 5739 ocarsbaginenr
700 5672 786 5745 oepit,
802 5673 850 5731 sed
863 5684 925 5745 poss
949 5675 951 5679 '

993 477 1121 534 Currebat
1136 478 1234 535 ll'urius
1247 480 1381 547 residens,
1398 490 1426 537 ct
1440 481 1581 537 arundinis
1598 482 1662 538 altsc

992 567 1127 625 Concolor
1140 568 1167 624 in
1181 568 1260 625 uiridi
1274 569 1395 626 fluitabat
1407 572 1474 627 silva
1485 573 1595 643 capillo.

992 661 1139 734 30οιιιιι
1154 662 1271 718 sonitum
1288 672 1379 719 rrrcuto
1390 663 1461 722 arrrds
1471 664 1583 732 cadens,
1593 666 1666 725 ‘licet
1683 667 1785 741 bispida

1670 758 1748 833 [setis

992 851 1145 922 suppositis
1159 851 1273 905 nsulsum
1286 849 1395 906 sedares
1409 850 1490 906 barba
1509 850 1655 923 fragorem.

993 943 1105 1000 Pectore
1120 942 1243 1017 rarqsabas
1254 943 1356 1009 latices,
1374 943 1502 1015 lapsuque
1514 945 1607 1011 citato,

993 1035 1120 1093 Sulcabat
1130 1035 1264 1090 madidam
1275 1035 1330 1104 jain
1347 1044 1453 1091 torrens
1468 1038 1560 1092 alveus
1575 1037 1678 1106 alvum,

992 1128 1120 1184 Terretur
1132 1129 1256 1182 ueniente
1272 1127 1332 1196 alea,
1346 1128 1524 1198 manibusque
1539 1131 1664 1186 remissis

918 1247 926 1259 ·
992 1221 1093 1278 Remus
1107 1231 1133 1276 ct
1148 1236 1213 1276 sarna
1225 1221 1323 1276 «adurat
1337 1241 1343 1274 :
1359 1223 1443 1276 reunia
1460 1231 1514 1278 tum
1532 1225 1614 1279 uerba
1631 1226 1736 1295 paranti

992 1311 1038 1367 llla
1053 1312 1125 1381 prior
1143 1311 1247 1366 :Venio
1263 1310 1395 1365 riduaram
1413 1314 1528 1382 praesule
1539 1324 1634 1370 nostro

992 1404 1044 1458 Per
1058 1413 1084 1460 to
1097 1404 1119 1458 si
1132 1405 1235 1473 placcat
1250 1403 1376 1475 lacrymis
1390 1404 1529 1461 inlleetere
1541 1406 1666 1478 Romam,

993 1495 1106 1565 Erpetat
1120 1505 1335 1565 abrumpamus,
1353 1495 1476 1565 fastuque
1491 1505 1595 1553 remoto

992 1587 1048 1643 lloe
1061 1604 1142 1644 uuum
1155 1598 1273 1657 praestet,
1289 1588 1344 1658 jam
1359 1589 1419 1658 plus
1434 1588 1561 1660 dignetur
1581 1593 1681 1648 amari.

994 1681 1097 1738 instrue
1111 1696 1177 1753 quas
1192 1692 1296 1753 quaerat
1307 1683 1389 1750 viros,
1404 1683 1516 1755 orbique
1526 1685 1626 1754 jacerrtl

956 1776 980 1836 R
993 1776 1052 1844 Quo
1066 1778 1159 1846 posca
1170 1776 1213 1831 dic
1229 1776 1293 1832 urbe
1305 1785 1388 1847 eaput
1402 1794 1409 1833 :
1423 1793 1613 1850 quemcunque
1625 1781 1731 1839 crearit

995 1883 1004 1908 s
1024 1874 1080 1926 Are
1095 1886 1155 1926 meo
1167 1881 1269 1939 natum,
1282 1873 1425 1928 conlostim
1437 1873 1517 1944 iregis
1527 1875 1553 1930 in
1569 1874 1626 1941 illo,

992 1962 1099 2032 imperii
1115 1962 1222 2018 lortuua
1238 1972 1312 2018 rotas
1325 1981 1331 2016 z
1345 1961 1359 2002 ι
1374 1965 1435 2020 trine
1448 1964 1584 2020 Vandalus
1597 1965 1684 2023 bostis

992 2052 1163 2122 ergeuen
1177 2064 1299 2109 nostrum
1311 2070 1454 2113 numerosa
1466 2057 1552 2113 classe
1570 2058 1719 2128 quotannis

991 2145 1086 2200 llilitat
1100 2145 1232 2201 escidium
1242 2163 1250 2211 ;
1261 2161 1445 2219 conversoque
1454 2148 1547 2204 ordine
1560 2147 1607 2205 lati
1643 2190 1651 2204 ,

991 2239 1105 2295 'lor-rida
1120 2238 1272 2297 Caracaseos
1283 2240 1366 2297 iniert
1379 2242 1444 2298 mibi
1459 2244 1542 2314 Ryrsa
1554 2242 1670 2301 laesores.

991 2333 1125 2388 Praeterea
1143 2342 1155 2371 ι
1170 2334 1285 2388 inuictos
1297 2334 1425 2406 Ricimer,
1437 2351 1516 2407 quem
1530 2337 1639 2407 pobllca
1654 2338 1709 2393 lata

991 2421 1157 2493 Respiciens,
1175 2426 1285 2494 proprio
1297 2425 1372 2487 solus
1383 2427 1427 2481 rix
1440 2427 1523 2482 Marte
1537 2428 1645 2498 repellit

990 2515 1107 2570 Piratans
1123 2531 1172 2586 per
1182 2533 1244 2572 rura
1261 2533 1368 2596 uagum,
1383 2519 1427 2588 qui
1443 2519 1533 2589 praello
1548 2520 1648 2587 rltarrs,

990 2607 1124 2665 Victorem
1140 2608 1267 2680 fugitiuus
1281 2611 1354 2680 agit:
1371 2611 1432 2680 qula
1445 2610 1557 2667 suderat
1569 2612 1675 2668 bostem

990 2701 1040 2768 Qui
1056 2717 1149 2772 pacem
1166 2718 1335 2774 pugnamque
1347 2705 1443 2776 negati
1455 2721 1515 2760 nam
1532 2706 1635 2762 loedera
1649 2707 1725 2763 nulia

990 2793 1058 2853 Com
1069 2794 1204 2852 Ricimere
1214 2797 1280 2865 jacit
1293 2814 1300 2851 :
1314 2813 1393 2866 quem
1406 2802 1454 2852 cui
1465 2797 1546 2855 nimis
1554 2798 1650 2866 oderit,
1667 2797 1740 2855 aedi.

990 2891 1125 2946 lacertum
1140 2899 1233 2958 erepat
1248 2889 1293 2943 ille
1306 2900 1423 2960 patrem,
1435 2904 1495 2946 curu
1507 2904 1584 2948 sorra
1599 2893 1635 2948 sit
1650 2891 1689 2948 llll

990 2983 1070 3040 Certa
1084 2998 1183 3054 parens
1195 3001 1202 3037 ι
1216 2998 1287 3038 nune
1298 2993 1327 3038 ns
1339 2985 1410 3055 regis
1423 2985 1459 3040 sit
1480 2985 1562 3051 illius,
1581 2984 1660 3043 edors

991 3074 1082 3130 blatris
1092 3075 1253 3134 adulterium
1266 3092 1274 3142 ;
1287 3086 1342 3130 tum
1358 3077 1421 3133 livet
1431 3078 1501 3148 quod
1517 3077 1675 3135 Rittium

987 3346 1059 3392 sarisa
1072 3338 1113 3394 soi
1129 3336 1236 3407 lidueia,
1251 3348 1280 3395 ut
1290 3340 1473 3410 interrogante
1484 3340 1627 3411 aliqnando
1637 3340 1774 3408 maciem.

985 3409 1148 3494 aequoreis
1174 3408 1230 3492 dari
1240 3409 1370 3531 [juberes.
1388 3412 1564 3494 'respondisse
1586 3409 1778 3496 loressan-Qua

984 3479 1211 3544 Reostmpulerrt.
1248 3493 1278 3533 su·
1294 3497 1347 3548 quo
1369 3496 1503 3535 rtrrrurum·
1520 3487 1602 3551 patet,
1626 3494 1675 3536 cur
1695 3492 1778 3554 pereto

983 3566 1060 3620 iupus
1080 3548 1191 3604 Sidonio
1213 3548 1328 3613 dicatur,
1350 3563 1376 3617 et
1399 3550 1479 3606 bootis
1493 3553 1639 3622 repentinus
1652 3551 1778 3609 Theodo-

983 3621 1040 3678 rico
1053 3622 1108 3689 regi
1122 3621 1191 3688 apud
1214 3619 1395 3676 Senatorernr
1412 3622 1513 3679 Variae.
1531 3622 1558 3692 ι,
1580 3631 1608 3679 et
1630 3639 1658 3677 re
1694 3624 1777 3679 asinas

982 3691 1515 3819 ‘1¹⁴''ltffltdttdttttl‘ttiltl·
1534 3695 1637 3821 itti
1652 3694 1779 3823 iiiiii

982 3765 1194 3889 ffl'ffiffig
1209 3835 1276 3899 Quia
1294 3833 1373 3901 igitur
1389 3780 1608 3902 praeter'nqrorem
1626 3844 1682 3897 cst.
1701 3845 1731 3893 ut
1745 3835 1779 3891 ab

981 3901 1070 3959 Africa
1085 3903 1189 3961 irruant
1199 3904 1317 3974 Scyriae,
1331 3905 1381 3961 lruc
1396 3912 1438 3960 ess
1447 3904 1558 3961 Vandali
1570 3912 1598 3963 et
1610 3904 1702 3977 stant.
1712 3919 1778 3978 quot

982 3973 1045 4031 alibi
1056 3971 1251 4045 Caucasigenas
1265 3984 1352 4038 rocas,
1365 3973 1428 4030 ltine
1443 3975 1568 4047 estquod
1583 3978 1633 4044 ait,

1228 4110 1401 4172 conversoque
1417 4110 1505 4161 ordios
1517 4109 1557 4160 lati

1057 4171 1160 4223 'lorrtda
1172 4172 1308 4222 Caucaseos
1318 4171 1391 4223 inlert
1405 4173 1463 4223 milu
1474 4173 1547 4238 byrsa
1559 4170 1670 4225 lusores.

981 4295 1012 4351 lit
1025 4297 1144 4351 carmine
1154 4294 1190 4348 ιι
1200 4295 1294 4350 eadem
1306 4294 1446 4360 arrtitbcsi‚
1460 4294 1636 4355 Genscrirum
1653 4294 1728 4352 ‹tirts

1282 4428 1404 4479 Africanae

1132 4489 1238 4538 'l'elluris
1249 4490 1343 4539 'lanaiti
1359 4505 1400 4539 uru
1409 4489 1539 4542 rebellem.

946 4651 973 4711 D
1021 4626 1032 4657 ⁰
1052 4618 1131 4687 Quod
1146 4619 1304 4677 Ricimerem
1317 4621 1408 4680 laudas
1421 4620 1559 4690 Sidonius,
1570 4621 1710 4683 andrensis
1729 4624 1775 4693 qui

985 4703 1113 4773 generum
1135 4690 1208 4745 illum
1234 4691 1365 4750 asciverat
1389 4693 1484 4775 gratiae
1508 4693 1697 4776 imputandum
1723 4705 1776 4757 ssi·

986 4757 1777 4911 ilttttttttttii''illitt'titillatam:

986 4898 1053 4955 Erat
1067 4899 1091 4956 is
1104 4903 1229 4969 patricius
1244 4911 1271 4958 et
1290 4903 1417 4974 magister
1435 4905 1548 4963 militum
1563 4924 1569 4959 :
1593 4907 1644 4973 ris,
1669 4916 1701 4965 ot
1714 4904 1777 4984 Jor-

986 4971 1089 5029 nandss
1101 4973 1206 5036 scribit.
1218 4975 1341 5045 egregius
1357 4983 1385 5031 et
1400 4975 1427 5030 in
1448 4990 1477 5030 re
1499 4974 1594 5033 bellica
1612 4985 1670 5035 tom
1691 4992 1777 5049 prope

985 5042 1135 5113 singularis,
1150 5044 1198 5099 sed
1215 5045 1261 5117 qui
1282 5045 1363 5103 nimia
1387 5045 1505 5128 potentia
1525 5045 1638 5130 barbaro
1662 5048 1775 5132 iugenio

983 5111 1083 5171 abusus
1092 5125 1144 5198 ess..
1160 5115 1227 5173 lVam
1243 5130 1301 5199 non.
1312 5114 1519 5199 solumbonum
1533 5118 1648 5200 tropario
1661 5117 1776 5202 depecta.

982 5183 1624 5342 tillttttttuttllrciiiilius
1636 5188 1778 5323 Varii

980 5324 1067 5395 ipsum
1086 5326 1156 5383 bello
1167 5327 1287 5396 adorsus,
1304 5327 1387 5385 Roma
1405 5342 1435 5385 ea
1457 5337 1494 5392 ta.
1512 5337 1637 5389 rrecarrt:
1653 5329 1778 5391 nondum

978 5397 1082 5453 seilicet
1097 5413 1111 5450 a
1124 5399 1274 5467 principum
1286 5398 1415 5470 sanguine
1443 5398 1582 5467 estitorus,
1594 5398 1648 5457 uisi
1658 5401 1780 5469 quadra·

978 5466 1081 5549 gesimo
1095 5469 1152 5535 ipse
1163 5470 1315 5551 postsoceri
1330 5482 1423 5551 necem
1432 5468 1476 5526 die
1490 5469 1650 5531 interiisset.
1661 5471 1777 5531 iliarum

977 5535 1781 5694 sittacenecerularum‘incinerantur

976 5691 1091 5743 sericus,
1115 5694 1159 5762 qur
1186 5678 1367 5749 Gundegrsclo
1389 5680 1501 5752 qusdsm
1523 5694 1599 5757 rese,
1623 5680 1785 5763 sudastis

976 5762 1054 5810 sessa
1066 5763 1173 5821 spurtus
1182 5756 1262 5809 uatus
1271 5757 1325 5809 esto
