3810 6254
105 395 195 452 tercita
208 408 270 450 cum
281 393 357 451 duois
371 394 474 466 Pelasgi

114 489 224 546 rabidos
233 488 325 560 virago
336 496 438 555 tauron

105 606 107 639 1
121 582 226 649 territa,
237 596 297 637 cum
312 595 375 638 suus
385 581 507 648 colonus,
592 645 598 653 g

105 676 152 744 ,uls
163 674 258 731 domiti
269 683 342 730 satos
355 673 482 738 molares,

105 785 108 823 t
121 765 312 825 tremebundus
326 765 397 821 inter
407 764 514 831 herhas,

105 861 262 931 insegetem
277 865 399 929 stuperet
413 857 520 913 bostem
581 898 584 904 .

105 953 203 1010 mribus
216 951 279 1006 hinc
292 958 321 1006 et
335 949 398 1006 hino
412 950 520 1019 aristis,

105 1042 218 1102 slliferas
228 1041 337 1097 madere
351 1040 454 1111 glebas,

105 1133 211 1191 seiridi
224 1145 320 1188 eruore
335 1131 441 1186 iratres.

105 1225 132 1283 ie
146 1227 305 1295 terrigenam
320 1223 413 1293 loquar
424 1222 575 1290 cohortem,

105 1344 107 1367 ·
122 1333 199 1389 mage
209 1317 325 1374 vividam
338 1331 454 1382 veneno,

105 1427 141 1469 nr
153 1410 271 1482 speciem
287 1410 367 1465 modo
381 1417 530 1477 carentem,

105 1503 259 1575 eorporibus
274 1501 449 1559 voluminosis

105 1602 131 1652 te
142 1608 269 1666 squamea
282 1608 362 1649 crura
378 1592 555 1664 porrigentes,

105 1687 133 1743 ia
146 1687 224 1743 lause
234 1685 403 1742 desinebant.

104 1792 157 1835 nrae
170 1777 282 1848 triplicis
295 1791 394 1847 procax
405 1777 542 1847 juventus,

105 1870 193 1943 rpede
207 1880 346 1942 protereus
360 1871 462 1937 coraci,

105 1972 112 2023 t
124 1967 241 2037 capitum
253 1965 384 2038 stupenda
396 1980 507 2037 gressu;

105 2057 213 2115 classica
224 2047 362 2114 numinum
374 2057 515 2127 sonabant,
552 2063 559 2077 ·

105 2163 139 2208 ha
153 2153 267 2209 tonitrus
280 2151 435 2208 resibilante

114 2259 228 2316 superos
239 2244 311 2300 ciere
323 2244 424 2315 planta.

105 2351 162 2408 gre
174 2336 241 2408 legis
255 2335 383 2405 arrtpliata
393 2349 467 2401 rura,

105 2442 127 2483 m
142 2427 255 2483 uolitant
268 2441 317 2497 per
329 2435 402 2481 astra
412 2434 528 2494 moines,

105 2515 206 2587 Pelion,
219 2517 297 2586 0ssa,
314 2515 455 2587 Olympus,
470 2514 573 2582 Othris,

105 2609 144 2677 is,
157 2608 291 2681 gregibus,
303 2607 381 2675 loris,
392 2607 506 2677 pruinis,

105 2701 208 2768 atibus,
219 2699 334 2770 oppidis,
348 2698 430 2755 leuati

105 2806 147 2849 um
160 2791 320 2862 spatiosiore
334 2791 440 2846 dextra.

110 2882 155 2940 hic
168 2883 290 2940 heremis
300 2884 420 2941 excolam
438 2883 554 2949 labores,

105 2989 195 3043 osma,
212 2974 266 3043 leo,
282 2975 366 3047 gigas,
378 2977 507 3042 Amazon,

105 3075 208 3140 nurus,
224 3069 306 3141 Eryx,
322 3083 395 3134 aues,
408 3067 506 3139 Lycus,
523 3067 574 3135 lur,

105 3159 251 3233 hibt,juga,
268 3176 357 3232 poma,
372 3163 457 3232 uirgo,
471 3174 592 3232 serpens,

105 3255 263 3324 memequi,
280 3254 364 3310 hoves
376 3254 471 3324 lberac,

114 3347 221 3417 durius,
241 3351 316 3405 oanis
327 3349 467 3416 triformis,

105 3453 154 3512 qus
165 3441 242 3511 polus
256 3441 347 3511 polum
357 3440 498 3497 dederunt.

105 3532 124 3588 lc
135 3530 211 3588 Elida
225 3532 342 3588 nobilem
357 3533 511 3604 quadrigis,

105 3621 260 3679 lamminus
270 3624 357 3679 amnis
371 3638 403 3678 ex
419 3637 512 3680 amore

105 3729 233 3789 esequar,
248 3717 400 3787 utperiota
416 3717 489 3788 ponti
537 3712 540 3716 ’

105 3806 177 3878 duat,
193 3818 272 3880 atque
286 3809 463 3864 transmarino

105 3917 109 3956 t
122 3902 201 3959 eadat
213 3901 285 3958 unda
299 3902 464 3972 conjugales.

105 4007 120 4052 s
132 3992 288 4052 Tantaleam
301 3995 409 4051 domum
425 4005 554 4061 retexam,

105 4099 153 4142 aar
166 4085 280 4157 Pelopea
296 4101 343 4155 per
359 4094 498 4156 parentent
512 4094 555 4143 est

105 4185 142 4234 rte
154 4191 242 4243 soror,
260 4192 383 4249 nouoque
394 4187 515 4235 mninstro

731 283 896 344 Chllllllln.

786 397 814 460 Α
827 397 921 452 virum
937 397 1096 469 pignoribus
1109 400 1162 457 luit
1175 400 1328 471 sepulcrum
1343 417 1351 458 a

824 487 892 545 Cum
908 498 969 560 post
983 491 1032 547 has
1044 493 1137 562 epulas
1147 502 1259 564 repente
1268 493 1345 550 flexis

823 579 901 637 Titan
916 582 1038 639 curribus
1051 585 1177 641 occidens
1189 587 1223 641 ad
1237 594 1337 655 ortum,

823 671 968 728 Convivam
982 660 1096 745 lugeret,-
1111 675 1182 732 diem
1194 676 1306 749 lugeret.

858 765 913 823 Nee
925 765 1014 839 Phryx
1025 777 1117 838 pastor
1130 769 1181 824 erit
1193 769 1241 827 tihi
1256 770 1394 843 tegendus,

826 858 990 916 horrescens
1004 861 1047 917 cui
1063 860 1212 933 Dindymon
1222 863 1310 919 reciso

823 950 920 1008 Fertur
931 953 1032 1010 rcrtice
1047 955 1165 1011 texuisse
1175 955 1310 1022 classem3

823 1044 888 1098 Cum
901 1045 980 1114 justu
993 1045 1108 1102 Teneris
1122 1048 1313 1117 patrocinantis

823 1137 921 1193 Terras
933 1137 1067 1207 llchalias,
1084 1149 1112 1196 et
1129 1140 1275 1211 hospitales

823 1227 924 1296 llaptor
937 1227 1115 1300 depopulatus
1129 1239 1171 1286 est
1179 1231 1315 1303 Amyclas,
1364 1219 1367 1226 ’

822 1317 943 1374 Praedam
958 1327 1032 1376 trans
1045 1320 1155 1392 pelagus
1168 1332 1263 1392 petens
1275 1336 1427 1394 sequacem.

822 1408 874 1463 Sed
888 1423 938 1466 uec
953 1409 1092 1482 Pergama,
1109 1427 1158 1469 nec
1171 1414 1293 1470 decenne
1307 1414 1418 1473 belluna.

739 1533 741 1536 .
821 1498 876 1557 Nee
885 1515 972 1558 seras
981 1503 1190 1574 Agamemnonis
1203 1504 1349 1578 phalanges
1364 1522 1371 1561 :

821 1591 875 1648 Nec
888 1593 1003 1664 perjuria
1020 1609 1167 1667 persequar
1180 1597 1299 1666 Sinonis,

820 1687 875 1741 Arx
890 1702 944 1757 quo
957 1687 1076 1745 Palladio
1089 1689 1175 1746 dicata
1189 1691 1277 1762 signo,

784 1774 809 1836 B
823 1776 923 1835 Pellaei
937 1792 1054 1849 reserata
1068 1783 1218 1854 proditore,

821 1870 976 1928 Portantem
991 1872 1094 1942 pedites
1105 1889 1202 1945 equum
1217 1875 1328 1946 recepit.

856 1964 915 2019 Non
928 1966 971 2021 hio
985 1965 1103 2021 Mennim
1117 1967 1188 2037 stylo
1200 1975 1334 2038 camene,

821 2056 925 2114 dCitrio
933 2058 1100 2130 Dulichiique
1114 2059 1290 2132 Thessalique

821 2151 953 2209 Virtutem
968 2154 1169 2224 sapentiamque
1180 2169 1270 2210 narro.

820 2245 938 2313 Quorum
950 2245 994 2300 hie
1009 2245 1114 2301 Peliaco
1130 2255 1237 2316 putatur
1249 2256 1337 2312 antro,

820 2337 932 2402 venatu,
947 2338 1055 2407 ildinus,
1071 2339 1196 2408 palestra
1212 2348 1239 2394 et
1253 2338 1356 2406 herbis,

819 2427 874 2484 Sub
890 2429 1065 2500 Satrrmigena
1081 2445 1147 2486 sene
1160 2430 1308 2486 institutus.

821 2522 887 2577 llum
904 2538 974 2579 nune
989 2522 1072 2579 lustra
1088 2531 1179 2581 terens
1194 2539 1260 2595 puer
1275 2523 1402 2590 terarum,

819 2614 923 2670 Passim
938 2629 985 2685 per
1001 2615 1119 2670 Pholoen
1128 2615 1202 2685 iacet
1213 2616 1345 2686 nivosam,

817 2707 892 2763 lluno
907 2709 1071 2779 praesepibus
1084 2711 1217 2765 accubans
1231 2709 1337 2773 amatis,

818 2799 921 2855 Dormit
934 2800 1042 2855 mollius
1057 2800 1083 2854 in
1097 2800 1161 2869 juba
1176 2800 1306 2870 magistri.

817 2890 975 2964 35611111
989 2888 1146 2961 Scyriadum
1158 2890 1237 2945 datus
1250 2890 1367 2959 parenti,

817 2980 904 3037 Falsa}
915 2981 1023 3037 nomina
1034 2981 1177 3050 pertulisse
1191 2980 1312 3048 Pyrrhe,

818 3077 904 3144 lltque
924 3075 995 3130 inter
1009 3075 1111 3129 tetricae
1125 3074 1223 3129 choros
1235 3073 1371 3130 hlinertre.

776 3147 800 3212 C
820 3167 947 3224 Occultos
961 3167 1058 3222 Veneri
1073 3176 1176 3223 rotasse
1189 3166 1307 3238 thyrsos.

817 3260 958 3316 Postremo
971 3258 1004 3314 ad
1016 3258 1142 3330 Phrygim
1155 3273 1253 3313 sonum
1266 3258 1367 3327 rapinae

816 3353 928 3408 Tractus
942 3349 1065 3406 laudibus
1081 3350 1204 3406 lleetoris
1217 3347 1349 3405 trahendi.

852 3447 902 3502 nst
916 3445 1002 3512 illum,
1017 3445 1059 3500 cui
1073 3443 1184 3513 contigit
1197 3451 1336 3512 paternam

815 3538 945 3605 erartum
958 3543 1020 3607 post
1031 3535 1149 3590 ltltacnm
1163 3534 1250 3590 redire
1262 3533 1390 3601 lustrum,

818 3627 874 3684 h'eo
885 3629 1007 3699 Smyrnae
1023 3627 1088 3682 satis
1098 3625 1215 3695 explicat
1228 3625 1365 3680 volumen.

816 3720 882 3776 llam
896 3721 956 3791 quis
969 3720 1128 3775 continuare
1142 3719 1228 3789 possit
1241 3717 1303 3775 illos

814 3813 887 3882 Quos
897 3821 968 3868 terra
982 3820 1010 3868 et
1023 3812 1118 3882 pelago
1128 3811 1188 3866 tulit
1200 3810 1325 3866 lahoresl

814 3904 931 3975 Raptum
944 3902 1103 3967 Palladium,
1120 3911 1258 3973 repertum
1273 3899 1416 3968 Achillem,

813 3994 928 4067 Captum
944 3994 1106 4066 praepetibus
1121 3993 1224 4049 llolona
1240 3991 1348 4064 plantis,

814 4088 848 4143 Et
857 4086 951 4143 llltoesi
964 4087 1056 4143 niueas
1071 4087 1146 4158 prius
1161 4085 1312 4157 quadrigas.
1398 4086 1400 4089 ’

813 4178 912 4235 Xanthi
928 4193 1008 4249 quam
1021 4177 1142 4234 biberent
1158 4179 1267 4244 hucne,
1282 4169 1399 4232 traetasl

116 4269 210 4341 genuit
223 4279 299 4340 pater
315 4279 449 4340 nepotem.
814 4271 940 4340 hrepram
955 4285 1062 4341 quoque
1076 4285 1155 4341 quem
1172 4269 1238 4326 deus
1254 4279 1392 4337 patronus,

105 4360 142 4417 tit
158 4372 284 4417 moestum
298 4362 343 4417 hio
354 4362 476 4431 canitur;
489 4377 540 4419 nec
555 4361 718 4420 esculentam
813 4363 973 4430 Philocteta,
986 4363 1033 4419 tihi
1045 4364 1120 4420 dedit
1131 4361 1305 4434 pharetram?

105 4455 215 4526 ungimus
228 4453 261 4509 ad
274 4453 369 4524 dapem
384 4454 521 4527 Thyestae,
816 4455 925 4525 Ajacem
939 4454 1126 4511 Telamonium
1138 4454 1283 4519 liuentem,

105 4544 201 4602 nimine
210 4546 256 4616 qui
271 4545 353 4602 miser
364 4548 467 4603 voratis
773 4527 802 4590 Ῑ)
815 4548 893 4616 Quod
905 4562 966 4605 sese
974 4557 1038 4605 ante
1052 4559 1124 4604 rates
1137 4557 1234 4619 agente
1244 4527 1351 4602 causari

104 4725 139 4774 ra.
149 4711 173 4767 si
186 4727 241 4769 rem
255 4720 371 4782 spectas,
386 4711 538 4783 gigantibus
549 4710 661 4782 duples3
677 4711 700 4767 si
711 4725 759 4767 nu·
816 4714 932 4770 luctator
943 4709 1039 4765 llurlus
1053 4706 1189 4764 Achelous
1204 4705 1330 4788 :reliqua
1342 4711 1405 4787 sunt
1419 4701 1545 4786 notiora..
1575 4775 1581 4786 Ι

105 4782 198 4853 triplex
215 4785 294 4855 :quia
306 4784 375 4854 pube
387 4792 466 4838 tenus
477 4783 600 4838 homines
610 4789 698 4851 erant,
709 4797 761 4838 cre·
853 4795 865 4823 ⁸
881 4783 908 4838 ld
920 4782 1020 4838 rectius
1033 4793 1112 4850 quarn
1132 4775 1203 4849 quod
1217 4791 1243 4831 tn
1257 4776 1382 4846 uulgatus,
1408 4783 1495 4829 notant
1513 4790 1605 4856 11111111.

105 4862 209 4923 penten
232 4853 281 4911 sed
303 4853 426 4924 geminus
446 4855 546 4935 cuique
568 4867 681 4935 serpens
712 4869 761 4924 pro
815 4854 918 4909 Elidem
937 4853 976 4908 ait
990 4866 1043 4906 non
1057 4849 1146 4904 minus
1159 4856 1257 4931 ⁰notam
1270 4861 1330 4902 esse
1350 4860 1382 4900 cx
1406 4843 1606 4927 iahulosrsnhtl·

105 4923 205 4980 redum
226 4926 294 4980 ilinc
308 4926 400 4980 lonnro
422 4925 533 4993 triplicis
556 4923 620 4979 dictt
634 4922 757 4992 Sidonio,
816 4924 914 4994 phelet
926 4923 1067 4979 hretlrusrc
1081 4918 1218 4975 amorthus
1233 4931 1311 4989 quam
1322 4932 1355 4972 ex
1365 4914 1604 4985 ludrsOlymprcrs.

108 4993 194 5050 Pelori
207 4996 320 5067 gigantis
335 5011 349 5049 a
365 4995 447 5051 llarte
469 4994 561 5062 occisi,
573 4994 670 5050 anime
680 4990 760 5050 Clau·
816 4997 995 5064 Utrorumque
1017 4993 1138 5046 meminit
1165 4990 1245 5044 etiam
1269 4988 1412 5074 Lucienus.
1435 4986 1488 5075 Sed
1507 4983 1607 5073 Alphei

105 5066 759 5192 11111111111111111υἱα
813 5053 1608 5200 1111111111’9113511111ζῖ11112ΞὲἪ

105 5177 407 5288 1111111111εῆ1111101
429 5152 524 5262 terimi¹
541 5151 761 5272 enumgratsnec
814 5209 950 5265 Arcadiae
978 5154 1077 5260 irlhuif
1095 5202 1267 5274 nryttuotogiae
1292 5152 1352 5255 ιμθο
1376 5197 1447 5267 quod
1472 5163 1605 5281 Alpheus,

105 5290 238 5334 tearmtne
252 5278 296 5333 15.
309 5278 375 5336 Nam
391 5280 426 5334 11
440 5279 484 5348 qui
498 5277 678 5342 celebrantur,
691 5293 760 5346 prm·
818 5279 972 5351 13811111
990 5275 1066 5332 tilido
1082 5274 1254 5343 preterhuat,
1270 5270 1358 5328 loures
1370 5278 1461 5325 tamen
1472 5283 1607 5338 primum·

117 5348 227 5420 legitimi
243 5348 360 5418 inerunt,
383 5352 417 5405 ab
438 5350 590 5421 Eurystheo
613 5348 758 5432 imperati:
814 5366 866 5422 que
879 5362 987 5430 cursum
1001 5343 1257 5427 ducitexhrcadia.
1354 5410 1360 5423 ⁸
1384 5413 1391 5426 ο
1564 5406 1571 5419 ἱ

105 5423 420 5549 tellectum
428 5419 762 5549 1111111
814 5407 1607 5556 111111111111111111

105 5577 130 5619 ae
147 5514 466 5633 sgnulopraerermtsso,
481 5562 552 5634 quod
574 5563 661 5634 ipsum
679 5562 761 5618 etiam
814 5531 949 5618 cesonio
960 5560 1157 5623 edoemionem,
1171 5564 1200 5612 et
1212 5556 1340 5612 latentem
1356 5557 1426 5609 inter
1444 5546 1607 5631 Lycomedis

134 5634 245 5692 rohasse
258 5635 356 5690 dieitur
372 5635 550 5707 Eurystheum
565 5637 646 5710 niprp
665 5656 682 5689 e
697 5647 761 5688 uero
815 5631 884 5690 illias
899 5646 1012 5697 moram,
1044 5645 1085 5686 unt
1095 5629 1229 5702 Ἀχιλλέως
1246 5629 1270 5682 ἐν
1286 5627 1422 5708 1111111111
1439 5617 1607 5703 1111111111·

105 5705 120 5761 ri
183 5706 258 5790 gigas
271 5716 312 5761 est
327 5705 511 5778 llalcyoueus,
536 5705 633 5788 hospes
648 5654 760 5787 itusiris,
816 5712 859 5759 ota
872 5703 999 5759 huciano.
1024 5646 1127 5786 sslyssis
1150 5706 1245 5754 eontra
1269 5696 1408 5751 hustonam
1421 5644 1479 5748 bere
1497 5706 1607 5776 notuer-

105 5790 167 5846 eus,
186 5791 250 5866 yoga
266 5777 348 5854 calpe
368 5786 396 5835 et
418 5775 515 5860 Angla,
536 5790 611 5856 urgo
632 5776 762 5850 11111111,
816 5788 887 5853 mm,
906 5781 963 5836 tunt
975 5772 1040 5842 belli
1060 5783 1116 5837 tum
1138 5782 1273 5841 errorum,
1283 5772 1409 5836 noturus
1424 5772 1606 5852 persequitur.
