3810 6254
721 234 883 298 ιιιιιιιιι,
1461 196 1471 212 ’
1577 257 1633 318 0⁶⁶

109 350 195 423 ilaris,
209 349 288 422 Atax,
303 350 438 421 Fecistis,
455 352 626 426 Ligerimque
639 352 747 425 bipenni
797 355 1000 428 Adloquoque
1010 365 1130 417 monstra
1142 359 1244 434 domat,
1254 363 1346 423 ⁰rutili
1355 353 1635 440 annrrnncecnnebn'

109 459 125 502 n
137 459 187 516 per
201 442 285 500 inusta
299 442 386 511 bibit;
401 457 463 499 eum
478 452 492 484 ¹
506 444 574 502 bella
589 442 717 504 timentes
839 448 881 506 nd
892 449 1006 507 lroutern
1017 465 1092 508 coma
1104 461 1186 511 tracta
1195 456 1280 527 jacet,
1291 458 1445 533 nudataque
1458 463 1550 519 cervix

110 544 122 593 t
134 534 269 600 Turonos,
282 533 377 591 aberas
390 552 398 590 r
411 543 472 607 post
484 543 605 605 ternpore
615 549 698 605 parte
840 540 962 598 Setarum
977 543 1132 612 perdamne
1144 548 1222 616 nitet,
1236 557 1292 606 turn
1307 551 1408 610 lumine
1417 553 1512 626 glauco

109 629 140 687 tis
153 628 265 701 pariter,
278 625 397 684 Francus
409 626 566 700 quabCloio
578 635 699 698 patentes
839 631 919 690 albet
934 647 1032 706 aquosa
1048 636 1129 704 acies,
1141 652 1173 694 ae
1187 640 1305 698 uultibus
1318 644 1437 717 undiquc
1449 648 1527 720 rasis,

109 738 155 780 ιιι
171 731 257 779 terras
270 730 423 792 pervaserat
436 739 444 777 r
458 720 502 778 lric
514 731 642 779 coeuntes
839 727 892 784 Pro
902 727 983 786 barba
998 737 1090 788 tenues
1104 743 1261 802 perarantur
1273 739 1378 808 pectine
1391 743 1492 799 crlstm.

109 823 164 874 rant
176 822 289 886 angusta
301 814 367 882 nias,
381 828 499 886 arcuque
513 813 653 872 subactum
839 821 964 878 strictius
976 832 1073 880 assium
1089 834 1178 882 vestes
1189 842 1300 897 procera
1313 840 1441 890 coercent
1473 826 1476 831 ’

109 909 246 976 ileleuam,
261 906 414 979 linmeuqne
427 907 507 964 simul
520 907 571 964 sub
592 907 698 966 tramite
708 907 788 981 longo
839 914 957 970 ldembra
970 915 1072 983 uirum3
1089 925 1162 987 patet
1176 918 1210 972 iis
1221 918 1304 976 altato
1317 925 1434 994 tegmine
1447 927 1552 998 poples,

109 1001 237 1076 appositis
253 1000 372 1057 trabibus
384 1001 570 1057 transmiserat
582 1015 674 1073 agger.
839 1005 921 1062 Latus
934 1012 962 1062 et
974 1016 1113 1080 angustam
1127 1010 1267 1080 suspendit
1281 1011 1384 1069 balteus
1394 1015 1498 1075 altum.

109 1086 207 1169 posito,
221 1093 356 1166 pugnabat
367 1101 450 1165 ponte
463 1093 514 1149 sub
524 1094 582 1164 ipso
838 1098 996 1156 Excussisse
1009 1100 1077 1156 citas
1088 1112 1192 1160 tastum
1205 1117 1253 1173 per
1267 1103 1347 1162 inane
1361 1106 1501 1179 bipennes,

109 1203 158 1246 nns
170 1202 253 1259 eques
267 1204 276 1244 ε
292 1185 348 1242 lore
361 1187 426 1257 ripce
440 1186 509 1243 colle
520 1185 680 1258 propinquo,
838 1190 873 1246 Et
887 1183 971 1263 plaga
982 1195 1124 1265 praescisse
1136 1199 1240 1266 locum,
1255 1199 1418 1272 clypeosque
1431 1213 1521 1260 rotare

109 1295 156 1341 cns
166 1279 310 1339 resonabat
319 1278 429 1352 bpmen,
445 1278 630 1351 Scythicisque
639 1277 746 1337 choreis
837 1281 939 1354 Ludus,
953 1292 981 1341 et
993 1285 1272 1358 intortaspraecedere
1285 1291 1398 1350 saltibus
1410 1295 1514 1364 bastae,

109 1384 120 1432 t
133 1371 204 1431 dano
217 1372 314 1430 similis
328 1387 396 1428 nora
413 1381 494 1443 nupta
509 1371 615 1428 marito.
836 1375 919 1447 loque
931 1378 1034 1436 bostem
1045 1381 1150 1439 venisse
1161 1384 1233 1454 prius
1248 1385 1414 1454 :puerilibus
1426 1389 1504 1444 annis

109 1457 146 1526 los
156 1479 232 1540 ergo,
243 1472 274 1522 ut
287 1464 446 1536 perbibent,
460 1463 575 1531 strsrit;
594 1463 744 1536 crepitabat
752 1463 786 1522 ad
837 1471 887 1528 list
897 1470 960 1528 belli
976 1482 1097 1530 maturus
1113 1490 1203 1545 amor;
1218 1478 1240 1533 si
1252 1478 1321 1537 lorte
1331 1489 1487 1551 premantur
1506 1492 1510 1499 ·

671 1556 752 1631 [ictus
837 1565 917 1638 317
928 1565 981 1623 Seu
995 1581 1119 1636 numero,
1133 1581 1181 1624 seu
1197 1567 1264 1628 iorte
1277 1570 1339 1638 loci,
1356 1587 1428 1630 mors
1442 1573 1532 1631 obruit
1553 1577 1625 1650 illos,

109 1660 138 1712 et
148 1650 278 1725 oppositis
293 1649 430 1707 hastarum
442 1648 554 1706 verbera
569 1649 663 1705 tlrorar
837 1657 896 1713 llou
911 1657 1006 1726 timon
1020 1659 1109 1715 inuicti
1125 1669 1255 1731 perstant,
1271 1664 1414 1735 animoque
1428 1676 1571 1736 supersunt

109 1745 253 1819 tequamis,
268 1744 491 1801 donec'connersa
507 1742 613 1813 lagatus
800 1741 897 1806 Blam
912 1762 993 1821 prope
1005 1760 1065 1822 post
1079 1753 1205 1809 enimam.
1218 1754 1296 1811 Tales
1310 1766 1336 1813 te
1347 1764 1415 1813 teste
1428 1757 1539 1829 ingerit,

109 1854 174 1913 erga
185 1837 277 1897 dedit:
292 1838 419 1910 plaustris
433 1837 543 1894 rutilare
557 1837 662 1895 uideres
839 1841 872 1896 Et
886 1839 1013 1897 laudante
1027 1842 1099 1899 uiros
1116 1844 1257 1915 cquisnam
1269 1844 1354 1902 leratl
1367 1848 1455 1906 omnia
1472 1858 1570 1917 tecunn,

109 1930 215 2014 dyada
229 1930 297 1987 lesia
314 1930 375 1998 tori,
390 1929 564 2001 conjectaque
579 1931 678 2001 passini
838 1937 876 1993 Tc
888 1938 945 1994 sine
960 1936 1042 1993 rnulta
1053 1936 1135 2006 lacit;
1150 1936 1295 2011 “pugnant
1306 1955 1355 2011 pru
1367 1942 1487 2013 principe
1500 1943 1587 2013 multi,

110 2024 307 2096 ,captivasque
318 2021 409 2093 dapes,
426 2023 551 2094 cirroque
561 2023 686 2080 madente
837 2030 921 2097 Quam
935 2027 1016 2086 umco
1031 2045 1064 2085 nc
1075 2031 1131 2100 ianr
1147 2032 1197 2088 iste
1211 2032 1276 2100 sibi;
1291 2035 1313 2089 si
1329 2050 1409 2106 regna
1426 2035 1537 2104 tenebit,

109 2114 390 2173 urouatosredolentiu
405 2125 477 2172 serta
493 2114 604 2171 lebetas.
836 2121 903 2177 lluic
915 2123 1010 2189 vincis,
1024 2123 1320 2195 quodcunquedumas;
1338 2128 1375 2182 nil
1397 2127 1448 2184 lata
1468 2128 1624 2201 relinquunt
1664 2190 1667 2195 ⁴

109 2209 213 2268 crescit
224 2208 344 2276 llavors,
359 2209 522 2279 thalamique
537 2210 659 2281 relringit
837 2213 885 2270 llic
897 2216 1012 2272 medium
1028 2231 1036 2273 :
1051 2231 1192 2286 percussor
1205 2219 1275 2275 enim
1288 2220 1311 2276 si
1326 2221 1430 2291 respuis
1444 2237 1517 2292 csse,

109 2303 167 2362 lens
178 2302 287 2359 Bellona
302 2302 391 2369 laces;
404 2303 472 2373 rapit
482 2301 576 2358 esseda
589 2302 684 2371 victor,
837 2306 937 2364 Servus
949 2309 1018 2374 eris;
1034 2316 1108 2364 curte
1120 2318 1195 2365 recto
1207 2310 1230 2366 si
1243 2311 1347 2374 tramite
1359 2295 1450 2368 seruat

109 2410 196 2467 imque
209 2409 316 2461 nillum,
327 2408 379 2450 ¹¹⁰n
394 2394 433 2451 ⁸5ss
448 2394 601 2451 P¹¹⁰l⁰⁰llii¹
615 2403 746 2464 mlii,
837 2404 932 2461 Sidera
947 2403 1106 2472 Cbaldaens;
1119 2407 1194 2462 norit
1207 2407 1229 2462 si
1245 2408 1365 2477 gramina
1379 2407 1505 2476 Colchus,

109 2486 280 2545 *eletlnronlos
293 2486 419 2557 Lapitoas
434 2486 583 2544 Semeleius
597 2488 670 2545 Fran
837 2495 951 2568 Fulgura
965 2496 988 2553 si
1002 2497 1134 2564 Tinuscus,
1149 2498 1171 2553 si
1186 2497 1332 2555 Thessalus
1347 2499 1420 2556 elicit
1434 2499 1552 2571 umbras,

123 2580 263 2638 AEmonias
277 2579 339 2635 dum
355 2579 492 2634 flammant
507 2580 580 2651 orgia
595 2588 710 2649 matres,
836 2587 866 2645 Si
877 2586 966 2658 Lyciae
979 2596 1066 2644 sortes
1078 2589 1193 2658 sapiunt,
1208 2589 1333 2646 sinestra
1347 2591 1437 2646 uolatu

109 2687 172 2731 mero
185 2672 349 2743 llartcmque
361 2670 443 2736 cient,
458 2664 497 2726 ae¹
505 2672 589 2742 prima
603 2679 729 2729 cruentos
836 2680 901 2737 Fata
916 2681 1061 2751 loquuntur
1070 2695 1144 2750 aves,
1162 2683 1248 2739 doctis
1261 2682 1391 2739 balatibus
1406 2684 1537 2741 llammon

111 2771 158 2823 tini
171 2765 205 2822 iil
219 2764 288 2821 belli
302 2762 388 2830 cib⁰⁵n
404 2763 561 2833 Bace¹l⁰llue
576 2773 663 2819 mliii>
835 2774 863 2829 Si
878 2774 998 2831 sanctum
1010 2776 1060 2831 sub
1072 2783 1146 2847 syrte
1157 2776 1249 2846 gemit,
1262 2778 1284 2832 si
1297 2778 1413 2849 denique
1426 2794 1518 2835 verum

109 2861 158 2919 tela
173 2868 278 2933 putant,
294 2873 354 2915 cum
369 2860 543 2916 crudescente
554 2861 670 2916 tumultu
836 2867 947 2936 Plnoebe,
961 2868 1080 2937 Tbennis,
1097 2870 1206 2926 llodona
1218 2871 1302 2940 canis,
1318 2881 1380 2941 post
1400 2882 1520 2943 tempora
1533 2881 1622 2934 nostra

109 2954 263 3013 Emathium
276 2956 384 3027 sanguis
396 2955 570 3014 Cenitanricus
583 2956 698 3013 Otbrinn.
834 2959 920 3016 lulius
932 2960 975 3017 lric
989 2964 1122 3032 Augustus
1137 2962 1196 3016 orit.
1213 2961 1378 3032 Connjunctus
1393 2979 1486 3020 amore

109 3046 289 3119 ruubigcnum
304 3046 474 3104 celebrentur
484 3049 573 3122 jurgia
587 3047 709 3104 fratrum.
796 3039 820 3102 G
836 3050 1025 3129 Pretercaest
1040 3054 1153 3124 ιιίιιιιιὶ
1168 3054 1275 3125 grandis
1289 3070 1369 3126 quem
1384 3056 1495 3127 spiritus
1506 3065 1594 3114 armat

109 3315 207 3374 ionibus
223 3316 348 3372 lustratos
362 3313 414 3378 ait,
430 3309 506 3380 pauci
521 3315 584 3366 sunt
596 3309 641 3380 qui
660 3323 713 3365 non
727 3317 782 3366 sta·
837 3308 969 3379 Gregorio
991 3316 1019 3364 et
1030 3309 1183 3378 ,Sigebcrto
1206 3310 1323 3367 Annales
1345 3313 1444 3379 nostri,
1469 3313 1624 3378 clodionet

109 3396 243 3446 mmntur.
266 3385 332 3441 Nam
355 3383 439 3439 Elaris
454 3383 512 3437 sine
533 3381 615 3436 dubio
634 3389 725 3437 noster
742 3390 783 3438 cst
835 3379 1032 3452 Tboringorum
1056 3380 1152 3435 linibus
1175 3395 1331 3452 egressum,
1356 3383 1477 3453 protritis
1500 3385 1626 3445 Romania

118 3457 232 3516 Caesaris
246 3453 450 3513 Commentariis
474 3451 643 3517 notissimus,
667 3453 712 3522 qni
734 3468 782 3523 per
835 3452 879 3520 qui
904 3452 943 3507 cis
960 3450 1081 3506 illuunum
1097 3463 1190 3521 erant,
1213 3454 1239 3506 in
1263 3453 1455 3511 carbonariam
1476 3456 1569 3511 silvam
1583 3472 1625 3513 ne«

109 3546 173 3587 irum
187 3528 263 3600 plana
279 3526 435 3592 decurrens,
449 3523 568 3579 collectis
591 3524 717 3592 utrinque
728 3523 780 3578 ali·
837 3522 919 3587 nisse,
935 3523 1084 3578 Toruacurn
1098 3531 1125 3577 ct
1138 3523 1313 3578 cameracum
1333 3524 1425 3590 urbes,
1441 3526 1548 3596 aliaque
1561 3543 1622 3584 ennox

109 3600 200 3666 nibus,
213 3600 241 3654 in
253 3597 367 3668 Ligerim
379 3596 459 3666 paulo
474 3594 541 3648 iulra
552 3592 696 3648 Nivernunr
708 3595 782 3648 evol·
836 3595 925 3647 omnia
946 3594 980 3648 ad
994 3593 1139 3650 Somonann
1162 3609 1246 3663 usquc
1256 3595 1366 3649 llunium
1382 3609 1538 3665 occupasse.
1553 3597 1625 3652 Coa·

111 3671 177 3728 edus
198 3670 224 3724 in
248 3668 413 3736 Septimania
431 3682 447 3722 c
473 3664 625 3720 Cemmerris
647 3665 781 3721 montibus
836 3664 971 3719 statuerim
985 3665 1064 3720 urbes
1078 3666 1303 3721 illasdtrclratuun
1319 3666 1391 3735 agris
1408 3668 1624 3733 proximaeessc.

109 3756 149 3798 >as
162 3735 332 3796 Arecomicos
346 3748 373 3794 ct
387 3736 502 3792 ltontenn
516 3734 654 3791 Pessulum
669 3735 694 3789 in
709 3751 782 3792 nnarc
836 3734 993 3800 Quarccunn
1005 3735 1031 3790 in
1043 3737 1092 3790 lros
1102 3750 1206 3804 quoquc
1217 3747 1309 3804 postea
1319 3737 1495 3804 pervaderent
1517 3737 1624 3802 Franci,

109 3811 264 3868 ntlccurril.
288 3811 325 3865 lle
339 3808 400 3863 Cliti
421 3807 497 3862 unica
519 3816 562 3862 est
578 3806 779 3860 controversia:
835 3805 962 3860 abactio
982 3805 1118 3870 inhibitos,
1135 3816 1162 3861 et
1176 3805 1225 3860 bac
1248 3821 1327 3874 quant
1344 3806 1470 3862 Sidonius
1482 3808 1572 3863 laudat
1587 3810 1624 3865 ri-

109 3882 226 3954 plerique
246 3879 361 3952 Papyrlo
379 3879 503 3932 llassono
521 3874 712 3939 assentiuntur,
736 3877 780 3945 qui
836 3875 919 3930 ctoria
934 3890 1073 3945 repressos
1087 3877 1212 3945 cnnnjicio.
1546 3929 1549 3934 ,

118 3953 257 4010 Pictonum
271 3966 330 4007 csse
344 3950 443 4004 docuit.
464 3949 541 4002 olitis
553 3953 627 4001 certe
641 3945 780 4001 'l'lneodnlli
872 3943 1032 4016 cGraplrica
1055 3957 1177 4002 ueterum
1201 3946 1364 4001 Francorum
1387 3946 1546 4016 descriptio:
1571 3963 1623 4018 qna

109 4025 207 4089 musis,
223 4022 258 4080 tle
275 4038 327 4093 quo
340 4020 400 4076 aliis
420 4018 532 4089 placuit,
547 4017 574 4072 iu
590 4017 660 4071 lttnrtc
673 4017 779 4087 locuni,
833 4031 885 4071 non
909 4015 996 4071 solum
1015 4018 1069 4072 oris
1089 4018 1206 4073 lubitum
1228 4017 1383 4084 cultumque
1405 4032 1510 4073 omncur
1527 4033 1620 4088 perse-

109 4102 150 4151 rto
165 4093 255 4162 versu,
270 4091 352 4162 recipi
367 4106 419 4145 non
434 4098 538 4158 potest,
834 4089 934 4154 quitur,
951 4100 1059 4155 procera
1075 4103 1199 4157 ctnpora,
1222 4087 1319 4147 rutilos
1330 4090 1435 4154 crines,
1449 4089 1544 4144 caesios
1559 4103 1623 4146 onu-

109 4165 213 4230 tebant,
236 4164 341 4231 opinor,
359 4176 373 4216 a
396 4161 489 4217 vicinis
510 4159 666 4224 Armenicis,
687 4157 731 4229 qui
746 4158 780 4214 ad
833 4156 883 4223 los,
898 4172 996 4228 proruas
1009 4159 1036 4212 in
1052 4159 1166 4214 ironntern
1194 4171 1271 4213 tonso
1286 4159 1392 4227 occipiti
1407 4173 1513 4227 comas,
1529 4168 1623 4216 tenues

109 4251 143 4291 ιιι
159 4235 214 4306 jann
237 4232 348 4300 dudum,
365 4240 394 4286 ut
416 4248 449 4287 en
473 4230 572 4284 Zosimi
585 4229 631 4285 lib.
649 4245 675 4283 ιι
695 4240 777 4297 patet,
833 4229 980 4283 raserultu
1004 4229 1110 4296 barbas,
1126 4239 1214 4284 restes
1233 4229 1341 4285 strictas
1363 4239 1392 4285 ct
1413 4229 1531 4298 singulos
1545 4241 1621 4286 artus

109 4321 153 4370 es,
172 4313 220 4362 aui
232 4304 366 4359 llomauos
379 4304 461 4356 aruris
476 4301 637 4370 appetebant
659 4301 721 4371 ipsi,
733 4309 780 4356 aut
832 4300 1024 4368 exprimentes,
1039 4300 1126 4355 nudos
1139 4301 1262 4369 poplites,
1283 4299 1351 4353 latos
1363 4301 1478 4366 balteos;
1495 4302 1546 4357 sed
1556 4318 1622 4372 pro·

109 4387 186 4432 antur
197 4393 205 4434 :
216 4384 246 4430 ut
260 4390 313 4447 qno
325 4382 444 4443 tempore
455 4372 554 4428 bellurn
565 4371 694 4426 aduersus
707 4370 777 4442 illos,
833 4371 889 4437 pria
900 4370 980 4425 etiam
991 4386 1082 4425 cerunt
1096 4387 1180 4434 annua,
1198 4371 1383 4440 pugnandique
1399 4371 1517 4439 innodant,
1532 4383 1559 4426 ct
1580 4374 1633 4443 ins

109 4447 210 4512 bsente,
228 4446 329 4501 llunuis
341 4443 535 4499 auxiliantibus
550 4443 631 4514 gessit
643 4442 777 4511 Litorius,
833 4441 931 4495 lractos
944 4441 1021 4496 bellis
1036 4443 1140 4498 auinrus
1155 4452 1355 4497 cornnrncnnorat.
1370 4442 1512 4498 brutorum
1523 4458 1620 4512 getrcra

109 4531 121 4573 ι
143 4518 303 4588 panegyrico
314 4515 398 4581 lluiti,
413 4515 463 4571 sub
478 4529 589 4580 annum,
603 4520 633 4568 ut
651 4513 777 4570 ostende·
832 4511 944 4566 Francis
957 4512 1049 4568 endem
1065 4512 1290 4583 tribuitdgatlnies
1302 4512 1347 4567 lib.
1359 4528 1387 4578 ιι,
1399 4528 1505 4568 secures
1519 4515 1621 4570 scilicet

109 4591 111 4600 ’
133 4627 142 4643 .
831 4591 858 4638 ct
885 4583 980 4638 breues
1002 4583 1106 4649 hastas,
1130 4599 1196 4654 quas
1214 4599 1325 4636 uncerres
1339 4585 1479 4638 uocabant.
1496 4583 1578 4638 [lictae
1594 4595 1621 4640 et

109 4658 175 4714 liber
196 4674 265 4714 unus
280 4674 287 4712 ι
303 4656 374 4724 quod
389 4665 463 4713 certe
476 4657 563 4724 aptius
581 4652 687 4709 uidetur
703 4656 779 4726 120
831 4655 1012 4722 securesipsm
1026 4655 1060 4709 ab
1073 4670 1164 4709 corum
1177 4669 1226 4709 usu
1242 4654 1386 4724 francisce,
1402 4664 1430 4707 ut
1450 4665 1523 4708 notat
1537 4653 1620 4710 leidu-

109 4727 156 4785 ιιι
175 4730 202 4784 in
216 4729 274 4784 aliis
289 4745 296 4782 :
312 4726 450 4797 Pugnastis
473 4728 568 4796 paritet
591 4722 714 4790 Francis,
729 4742 780 4795 qna
831 4739 886 4788 rus,
903 4733 931 4779 et
942 4722 1036 4779 Gallici
1052 4724 1169 4780 durtales
1183 4725 1207 4778 ln
1220 4723 1353 4779 cinitonem
1371 4724 1449 4779 rebus
1464 4727 1618 4783 ostendunt.

109 4799 247 4856 'raucicum
258 4806 346 4853 autern
359 4798 409 4852 lroc
421 4797 528 4863 bellurn,
543 4797 570 4850 in
587 4811 640 4866 quo
653 4794 687 4850 ab
701 4797 779 4851 Aetio
832 4795 959 4850 bellicam
979 4810 1042 4850 vero
1058 4794 1220 4850 Francorum
1241 4795 1365 4849 rintuictn
1389 4797 1485 4850 asserit
1500 4806 1526 4848 ct
1538 4797 1620 4850 lnnlia·

109 4869 177 4925 riano
191 4885 251 4927 curn
265 4868 396 4923 Clodiane
406 4881 470 4935 rege
481 4875 624 4934 pugnatum
635 4877 685 4931 est,
700 4867 780 4935 pleri·
832 4879 882 4918 nnus
897 4865 974 4934 lurp,
989 4865 1034 4935 qui
1054 4865 1273 4921 bellicosissimos
1288 4865 1482 4920 Gcrrnanoruun
1502 4866 1620 4921 Francos

109 4955 152 4997 nes
164 4941 198 4996 ad
210 4939 325 4996 Felicem
338 4939 491 4994 etiannum
508 4937 648 5004 consules,
663 4935 778 4991 Cltristi·
831 4944 858 4991 ct
869 4937 988 4990 Saxones
1002 4936 1064 4992 lacit
1078 4937 1104 4990 in
1118 4937 1239 4991 encoruio
1250 4934 1411 4999 Conistantii,
1425 4937 1458 4989 dc
1472 4937 1619 5005 liagncntio

109 5026 157 5067 ιιιι
171 5010 224 5066 tsi
246 5010 340 5067 reterri
361 5009 474 5069 notunt;
497 5006 567 5077 quod
583 5020 615 5062 eo
629 5021 699 5061 anno
714 5006 780 5063 Pro·
833 5007 954 5092 loquens.
973 5006 1001 5060 iu
1016 5007 1092 5076 cujus
1115 5007 1210 5061 castris
1230 5007 1335 5075 utrique
1360 5006 1507 5060 militabant
1526 5008 1618 5062 r'ttsn·

121 5079 296 5137 Cassiodorus
312 5087 413 5149 {tarbelli
437 5075 582 5133 Galliarum
604 5076 779 5146 propinquum
831 5078 933 5132 λιυθιυι
941 5076 968 5134 δὲ
982 5080 1052 5151 αὐτῷ
1062 5079 1124 5134 κατὰ
1136 5079 1164 5134 τὸ
1173 5080 1288 5151 ξυγγενὲς
1298 5081 1433 5149 σύμμαχοι
1452 5080 1619 5153 angeloptem·

109 5165 176 5222 qoam
191 5150 286 5207 Franci
308 5159 481 5221 occuparant,
495 5147 564 5203 Aetli
577 5147 682 5203 contitis
696 5148 779 5203 armis
830 5170 869 5204 τοι
884 5150 1035 5225 cpipxermrt
1049 5149 1160 5217 Σάξινις,
1173 5156 1222 5204 τῶν
1237 5150 1354 5218 brigein
1368 5158 1447 5208 ‘Pinna
1456 5153 1496 5204 mi
1507 5154 1551 5209 rtis
1563 5148 1619 5204 ‘tia-

109 5237 127 5278 ιι
141 5221 255 5278 tradam.
271 5221 368 5277 Verum
384 5222 428 5291 qui
445 5222 531 5289 potuit
543 5218 705 5286 llajoriauus
716 5226 780 5274 tunc
831 5222 922 5293 erepla-r
932 5219 1059 5277 delerare
1072 5221 1145 5273 ι’θιῶι
1159 5222 1192 5275 τὰ
1203 5222 1389 5291 μαχιμώτατα.

110 5302 138 5350 et
152 5294 314 5349 tamacritcr
327 5292 465 5358 dimicare,
477 5290 567 5360 quiet]
580 5299 639 5360 post
653 5303 738 5345 anuos
751 5289 779 5345 in
867 5289 880 5327 ⁸¹
905 5289 992 5347 Locus
1017 5299 1095 5346 antea
1119 5289 1249 5345 obscurus
1277 5290 1340 5344 nitio
1364 5291 1617 5361 interpunctionum.

109 5377 117 5419 ι
138 5365 279 5420 consulatu
301 5363 407 5431 juvenis
423 5365 501 5417 erati
523 5359 624 5417 Deinde
639 5361 711 5429 prior
734 5359 779 5415 illa
832 5361 963 5431 Pugnant,
979 5362 1074 5432 inquit,
1085 5375 1234 5430 omncspro
1248 5360 1386 5429 principe:
1401 5377 1449 5432 pro
1462 5362 1555 5431 sciam
1572 5378 1617 5429 pu·

111 5448 129 5491 o
149 5435 182 5490 ad
207 5434 347 5501 libeuum,
364 5433 421 5488 baec
436 5440 529 5488 nostra
542 5433 574 5486 atl
589 5432 732 5488 Atrebates
751 5441 779 5488 et
831 5437 895 5502 goat
917 5431 1087 5503 ilap'oriauus,
1100 5441 1128 5487 ut
1142 5442 1203 5501 pote
1227 5431 1351 5503 princeps
1372 5431 1486 5489 loturus.
1501 5430 1578 5501 Quod
1593 5431 1615 5490 ri

109 5521 121 5561 n
135 5504 233 5572 alcum,
247 5505 325 5575 cujus
337 5519 406 5560 nunc
420 5518 527 5574 quoque
541 5504 567 5558 in
584 5516 649 5574 pago
664 5501 778 5559 Atreba·
832 5503 956 5572 princeps
977 5501 1084 5559 iuturus
1105 5512 1155 5573 est,
1168 5505 1225 5572 jann
1240 5502 1278 5559 itti
1292 5503 1413 5560 seruiunt
1427 5517 1521 5560 ornnes
1534 5501 1615 5558 uicto·

115 5575 242 5632 caucium
254 5591 360 5632 amnem
373 5575 482 5646 uestigia
495 5583 611 5640 restant;
626 5587 687 5628 narn
700 5573 780 5650 lledi·
832 5575 879 5630 ricc
890 5581 951 5628 tuac.

109 5655 158 5703 ntus
181 5654 285 5703 nocant.
308 5646 415 5703 Gentius
441 5660 515 5715 crgo,
532 5646 589 5700 ιιι
602 5653 676 5714 gesta
693 5643 779 5700 undeni
869 5643 1030 5712 οΙὶίιὶιιιιιῑ,
1043 5645 1146 5713 Vallia,
1162 5654 1192 5701 ut
1206 5646 1232 5702 in
1252 5645 1433 5706 Arntbemiano
1450 5643 1550 5702 dictum
1564 5652 1614 5715 ett,

109 5730 170 5778 num
191 5716 292 5778 Gbristi
304 5716 370 5788 iti,
386 5730 439 5790 quo
460 5723 581 5801 tempore
596 5723 704 5775 narrant
717 5730 778 5794 cuni
832 5715 901 5788 repis
914 5714 1062 5780 detiorum
1075 5732 1109 5778 ex
1121 5717 1176 5777 itin
1189 5719 1288 5785 nepoti.
