3810 6254
157 311 208 376 aa
790 296 1031 366 boisrotanuu
1048 305 1114 364 ιιι.
1136 305 1156 364 ι.
1547 317 1551 324 ·
1729 296 1780 370 ιιι

157 423 278 482 velocem
291 422 424 489 Athesim,
448 399 554 495 pigrum
575 420 711 489 liineium,
734 421 779 490 qui
804 419 945 492 Ligusticis
956 420 984 483 Δ
996 422 1134 493 utriusque
1146 421 1276 479 Adriatici
1292 424 1373 480 maris
1387 424 1484 496 oppida
1495 425 1593 481 diuisui
1607 424 1691 482 inere.
1713 429 1780 486 llioc

158 511 342 586 Euganeisque
360 513 496 571 montibus
510 513 677 581 oriebantur,
691 512 798 584 paulurn
814 525 862 582 per
876 512 944 567 ostia
996 514 1154 580 Ariminum,
1172 514 1326 587 Fanumque
1340 519 1460 588 perveni,
1484 519 1549 575 illud
1566 519 1670 575 luliana
1693 521 1780 579 rebel·

159 606 269 665 adressa
284 605 438 674 subtectus,
453 606 481 663 la
494 607 550 663 sois
563 606 644 665 etiarn
656 605 805 678 gurgitibus
818 604 943 676 inspexi:
995 605 1065 662 lione
1077 606 1261 672 memorabis,
1274 609 1324 662 lroc
1335 608 1529 666 sslromltano
1539 609 1633 667 iuncte
1642 610 1778 668 iniectum.

156 712 270 770 quorum
285 698 352 769 ripae
365 699 472 769 torique
485 697 583 769 passim
599 697 710 768 quernis
725 696 883 766 acernisque
896 710 945 750 oe·
995 694 1131 766 Siquidem
1147 698 1200 753 illic
1212 697 1356 767 Metaurus,
1369 699 1444 770 cujus
1459 702 1494 756 ita
1509 703 1536 756 in
1548 703 1654 772 longum
1666 702 1780 761 teltcttas

155 790 275 847 moribus
284 789 478 847 vestiebantur.
493 788 542 846 ilic
551 790 642 845 axluxn
653 803 782 846 resonans
791 787 870 843 dulce
881 801 944 842 oon-
994 803 1048 843 uno
1061 788 1106 845 die
1115 798 1192 859 parta
1207 791 1362 861 porrigitur,
1378 807 1409 848 ac
1421 794 1443 847 si
1458 795 1537 850 etiam
1551 809 1621 850 nunc
1634 795 1780 853 Dalmatico

125 886 129 894 '
155 892 261 947 mutus,
275 881 372 953 quibus
390 895 462 938 nunc
481 884 507 937 iu
527 883 654 937 concutis
671 880 857 948 arundinibus,
872 893 944 935 nunc
994 883 1053 939 saio
1075 883 1204 940 cadavera
1228 887 1431 956 sanguinolenta
1453 887 1612 944 decoloratis
1632 890 1780 961 gurgitibus

122 960 128 999 ¹
155 986 263 1044 quoque
288 972 315 1028 io
336 971 427 1040 lunas
450 971 641 1042 pungentibus,
662 985 732 1027 nuuc
752 980 780 1028 st
800 973 827 1026 in
848 971 943 1040 scirpia
994 976 1115 1031 interret.
1129 976 1196 1033 ilinc
1209 986 1307 1034 catera
1322 978 1460 1034 Flaminiae
1474 980 1581 1050 oppida,
1596 982 1685 1036 statim
1700 983 1780 1037 otin-

154 1062 297 1127 coodtbss,
320 1063 445 1119 nidexurn
468 1071 559 1121 strues
581 1063 703 1133 inposita
727 1063 859 1119 cumbet:
882 1076 944 1133 quae
993 1068 1143 1139 gradiebar,
1158 1085 1292 1140 egressus,
1318 1071 1384 1128 iaevo
1404 1069 1537 1140 Picentes,
1555 1073 1649 1131 dextro
1667 1075 1780 1132 Umbros

153 1164 249 1212 coacta
263 1155 376 1227 virgulta
389 1154 569 1212 tumultuatim
581 1169 664 1226 super
675 1156 795 1212 arnnieos
808 1156 943 1226 margines
994 1160 1077 1215 latere
1092 1162 1237 1216 transmisi.
1251 1162 1300 1217 [ιιι
1316 1162 1381 1217 mibi
1394 1178 1440 1218 seu
1455 1163 1569 1220 Calaber
1580 1165 1718 1234 Atabulus,
1732 1182 1779 1224 seu

153 1248 204 1305 soii
226 1247 311 1305 bibuli
334 1263 416 1306 succo
440 1249 497 1305 iota
521 1249 725 1311 irutiearemnt.
748 1253 836 1322 Atque
855 1252 942 1308 obiter
993 1249 1120 1320 pestilens
1142 1251 1216 1322 regio
1240 1253 1409 1318 Tuscorum,
1435 1254 1529 1324 spiritu
1552 1256 1621 1311 aeris
1644 1260 1781 1314 venenatis

154 1339 312 1396 Quonam
335 1342 768 1414 perseetusadreni,cu1'uaolim
791 1354 833 1402 est
850 1345 943 1417 Tityro
993 1341 1102 1398 ilatibos
1115 1343 1255 1409 inebriato,
1271 1352 1299 1398 et
1317 1344 1396 1400 modo
1410 1346 1514 1401 calores
1526 1346 1683 1415 alternante,
1703 1349 1780 1405 nrodo

155 1430 299 1488 iiautuauo
322 1432 419 1490 larium
453 1434 585 1504 suspirata
614 1435 779 1505 proximitas.
803 1435 942 1491 Brixillum
994 1432 1110 1505 irigora,
1127 1445 1282 1504 vaporatum
1307 1450 1405 1506 corpus
1427 1436 1527 1492 iniecit.
1559 1438 1662 1495 Interea
1687 1440 1780 1509 lebris,

153 1521 216 1579 dein
237 1524 381 1595 oppidum,
405 1523 470 1580 dum
497 1525 651 1581 succedenti
665 1537 678 1565 ⁸
692 1526 837 1583 AEmiliano
855 1535 943 1583 nautae
993 1529 1105 1600 sitisque
1120 1532 1314 1600 penitissimum
1330 1534 1426 1590 cordis
1450 1535 1679 1609 medullarumque
1692 1553 1780 1597 secrc-

154 1615 260 1674 deeedit
271 1616 391 1674 tanetus
402 1632 504 1687 remex,
520 1625 624 1676 tantum
647 1627 675 1674 ut
698 1621 842 1686 exiremus,
857 1619 942 1675 intra·
994 1629 1049 1676 tom
1060 1620 1300 1691 depopulabantur.
1312 1623 1428 1691 Quarum
1440 1626 1559 1683 ariditati
1571 1631 1621 1701 12
1631 1645 1682 1685 non
1694 1632 1780 1688 solum

154 1709 251 1778 simus,
266 1709 423 1766 savernam
447 1712 527 1780 paulo
546 1720 607 1781 post
620 1723 700 1766 cursu
714 1710 868 1767 dexteriore
881 1711 943 1768 sub
993 1727 1099 1768 amoena
1115 1712 1238 1785 iorxtium,
1252 1723 1298 1770 aot
1318 1715 1440 1773 abstrusa
1457 1715 1596 1789 puteorum
1618 1723 1780 1792 (quanquam

154 1810 267 1856 costen
281 1813 337 1871 quo
350 1799 402 1855 loci
417 1808 534 1857 sclerum
548 1799 696 1868 civitatem,
713 1813 863 1869 nurumque
881 1814 943 1872 por·
956 1793 979 1853 B
994 1803 1053 1859 bac
1077 1803 1218 1875 quoque),
1246 1806 1293 1860 sed
1311 1814 1370 1862 tota
1396 1807 1442 1863 illa
1466 1809 1509 1865 vei
1530 1811 1616 1867 uicina
1639 1813 1680 1869 uci
1704 1814 1781 1874 obvia

155 1905 220 1966 taos,
233 1894 249 1936 i
261 1894 350 1951 media
366 1895 410 1951 tia
421 1893 536 1950 Castris
549 1893 669 1963 ambigas
683 1903 774 1950 utrum
788 1901 941 1962 connectat,
994 1895 1103 1963 llumrta,
1115 1897 1141 1950 id
1155 1906 1196 1952 est
1206 1896 1289 1953 vitrea
1304 1898 1410 1967 Fucini,
1423 1900 1509 1970 gelida
1521 1899 1658 1969 Clitumni,
1673 1905 1781 1961 Anienis

154 2002 187 2042 aa
204 1995 323 2059 separet.
346 1985 459 2057 iusuper
478 1983 605 2056 oppidum
619 1983 717 2057 duplex
739 1998 801 2053 pars
825 1983 945 2039 interluit
993 1989 1104 2053 coerula,
1119 1988 1196 2045 liaris
1210 1990 1363 2060 sulphurea,
1389 2004 1454 2061 pura
1473 1991 1595 2061 Fabaris,
1613 1994 1715 2051 turbida
1737 1996 1781 2050 Ti·

154 2074 216 2132 l'stii
228 2086 314 2144 certa,
330 2089 393 2147 pars
408 2075 504 2132 alluit:
521 2076 566 2147 qul
580 2075 615 2131 ab
628 2077 705 2130 atreo
727 2074 866 2146 principali
886 2088 944 2129 mo·
993 2079 1075 2146 beris,
1089 2090 1161 2135 metu
1173 2088 1261 2136 mmen
1273 2081 1435 2136 desiderium
1450 2081 1566 2149 iailente,
1578 2084 1779 2152 pollicebamur.

155 2165 217 2224 liuta
232 2167 399 2238 publicarum
412 2167 564 2238 discerptus
575 2166 691 2238 obiectu,
706 2177 733 2222 ct
754 2170 803 2239 11
824 2180 872 2235 per
885 2180 944 2222 eas·
993 2173 1065 2228 inter
1079 2172 1137 2228 itaec
1160 2175 1245 2243 patuit
1267 2182 1294 2229 et
1318 2174 1399 2230 iioma
1423 2177 1578 2246 conspectui
1596 2194 1602 2230 :
1618 2176 1693 2247 cujus
1716 2175 1780 2232 milri

154 2255 214 2314 dem
236 2257 365 2315 derivatis
388 2257 541 2314 tramitibus
569 2257 736 2324 exhaustus,
760 2257 800 2313 tic
835 2256 943 2312 dividua
993 2261 1076 2318 “non
1092 2263 1178 2319 solum
1193 2265 1303 2334 lormas,
1318 2279 1410 2321 verum
1425 2266 1506 2321 etiam
1517 2264 1690 2322 naumachias
1704 2267 1780 2323 uidc-

155 2351 252 2410 duenta
267 2353 394 2424 partitur,
416 2361 447 2411 ut
469 2353 606 2423 prebeant
629 2354 761 2411 moenibus
778 2354 943 2410 circumluss
993 2355 1043 2411 bar
1056 2363 1221 2426 epotaturus.
1237 2356 1287 2412 Ubi
1306 2357 1483 2429 ·priusqoam
1499 2357 1541 2412 vei
1566 2358 1695 2428 pornoeria
1718 2372 1782 2414 con-

155 2444 320 2515 presitliuts,
332 2444 421 2502 inlusa
430 2445 632 2501 commercium.
649 2445 706 2501 iloc
718 2460 779 2501 cum
794 2461 943 2517 peroppor·
994 2447 1136 2519 tingerem,
1152 2448 1358 2518 triumphalibus
1371 2449 1551 2518 apostolorum
1566 2448 1702 2505 liminibus
1716 2449 1781 2505 allu-

154 2544 216 2591 toas
228 2547 326 2593 cascia
340 2538 480 2607 mercatui,
496 2546 552 2593 lunt
568 2538 781 2608 praeclpnequod
797 2538 855 2594 esui
869 2553 945 2595 com·
995 2554 1051 2608 sus,
1068 2556 1175 2596 omnem
1198 2540 1318 2609 protinus
1342 2543 1413 2596 sensi
1434 2540 1560 2597 membris
1581 2543 1649 2597 maie
1672 2542 1783 2599 fortibus

154 2637 256 2698 peteret
268 2629 457 2687 deducebatur:
468 2630 518 2685 nisi
529 2629 683 2703 quodcum
697 2645 758 2688 sese
770 2631 833 2688 binc
843 2633 944 2689 salsum
995 2633 1134 2703 explosum
1149 2645 1210 2688 esse
1224 2632 1371 2702 langorem.
1388 2633 1451 2689 Post
1470 2649 1529 2703 qum
1543 2634 1662 2690 coelestls
1674 2635 1781 2705 experi-

155 2722 239 2790 purtis
252 2723 361 2794 pelagos
375 2723 544 2794 impingeret,
559 2722 624 2779 biae
635 2722 749 2780 cloacali
768 2723 842 2794 pulte
856 2724 944 2780 iussa·
994 2734 1083 2783 menta
1092 2725 1244 2796 patrocinii,
1255 2725 1380 2782 conducti
1391 2724 1532 2781 diversorii
1545 2734 1620 2795 parte
1631 2738 1782 2798 susceptus,

157 2830 216 2874 m
228 2817 353 2874 discursu
365 2817 485 2876 lintrium
500 2817 636 2885 ventilata,
651 2826 679 2875 et
701 2818 759 2888 ipse
774 2818 868 2875 lentati
886 2819 945 2874 latr·
994 2827 1074 2889 atque
1095 2818 1260 2873 etiamnunc
1275 2817 1324 2871 ista
1340 2816 1398 2871 baec
1420 2817 1490 2870 inter
1512 2815 1654 2884 iacendum
1678 2817 1783 2885 scripti·

155 2907 249 2977 guidus
260 2908 351 2980 lapsas
362 2909 483 2965 bumaria
492 2909 606 2966 nauticis
618 2909 773 2980 cuspidibus
783 2909 945 2965 toraminato
996 2918 1064 2978 tans,
1090 2909 1172 2977 quieti
1191 2905 1366 2978 pauxillulum
1389 2921 1499 2976 operam
1517 2906 1662 2976 impendo.
1691 2906 1784 2977 Neque

157 2997 228 3055 iusdi
249 3001 353 3069 glutino
366 2998 561 3066 sordidaretur,
575 2999 602 3055 in
617 2999 706 3056 medio
721 2998 853 3055 undarurn
871 2999 945 3056 sitie-
995 2998 1082 3056 adbuc
1102 2998 1243 3069 principis,
1265 2996 1468 3066 aulicorumque
1492 2995 1659 3050 tumultuosis
1681 2995 1783 3051 loribus

157 3089 273 3147 mnus:
300 3091 362 3162 qttia
385 3105 518 3162 nosquam
540 3092 583 3148 tei
605 3106 681 3163 aquas
704 3090 832 3147 ductuum
856 3093 944 3162 liquor
995 3096 1134 3150 obversor.
1151 3091 1283 3147 interveni
1297 3091 1397 3145 etenim
1413 3088 1423 3126 ¹
1441 3089 1540 3158 nuptiis
1552 3088 1654 3158 patricii
1668 3088 1783 3144 llicime·

157 3179 269 3255 integer,
283 3181 328 3237 sei
349 3181 469 3240 cisterna
491 3180 666 3248 deiaecabilis,
681 3181 723 3238 tei
738 3182 797 3239 ions
814 3181 942 3253 irrignus,
958 3167 982 3233 C
998 3185 1044 3251 ris,
1058 3183 1101 3240 cui
1114 3183 1167 3239 iiiia
1181 3182 1304 3254 perennis
1320 3180 1431 3251 Augusti
1449 3179 1475 3235 in
1496 3194 1570 3249 spem
1582 3180 1693 3248 publica
1707 3193 1784 3234 secu-

157 3271 197 3327 sei
221 3280 317 3342 pateus
338 3273 442 3330 illimis.
466 3272 544 3331 Unde
563 3275 713 3346 progressis
725 3276 758 3331 ad
780 3275 944 3331 Rubiconem
998 3275 1085 3331 ritatis
1099 3274 1284 3347 copulabatur.
1309 3271 1399 3351 igitur
1413 3285 1484 3327 nunc
1508 3273 1534 3324 in
1557 3270 1607 3325 ista
1632 3284 1684 3327 non
1706 3271 1786 3327 nautio

158 3372 274 3431 tentum,
289 3363 335 3434 qui
346 3364 480 3435 originem
495 3365 596 3419 nomini
614 3364 648 3420 de
665 3365 817 3435 glarearum
830 3366 946 3434 puniceo
999 3382 1188 3437 personarum,
1204 3365 1345 3423 sedetiam
1361 3364 1485 3420 ordinum
1500 3362 1667 3434 partiumque
1681 3361 1785 3431 laetitia,

158 3457 246 3514 colore
270 3465 407 3514 mutuatur
428 3458 557 3528 :quique
586 3456 651 3513 oiltn
677 3456 760 3513 Gallis
784 3456 944 3528 Cisalpinis,
997 3459 1174 3529 'lrattsaipino
1187 3465 1232 3513 tuo
1253 3457 1338 3512 latere
1359 3454 1555 3511 conducibilius
1568 3453 1652 3508 risum
1668 3455 1786 3523 :quippe

161 3547 312 3618 titalisque
335 3547 472 3605 setmibus
501 3546 630 3602 termissus
652 3555 729 3616 erat,
754 3561 816 3604 cunr
839 3547 945 3618 pupulis
997 3548 1124 3605 cumitoc
1145 3550 1203 3619 ipso
1226 3557 1418 3619 temporeque
1444 3546 1501 3602 baec
1514 3545 1581 3600 mibi
1594 3544 1785 3609 exarabantur,

191 3734 202 3762 ¹
218 3723 447 3797 Quemadmodum
461 3723 487 3780 in
501 3721 552 3778 tiis
562 3719 721 3777 militaribus
731 3726 808 3774 stata
819 3720 941 3775 mutatio·
994 3728 1041 3781 est,
1057 3728 1084 3773 ast
1096 3717 1192 3788 [odrice
1205 3718 1237 3770 sit
1251 3715 1386 3781 mirabitis,
1400 3723 1422 3768 et
1443 3729 1567 3783 uquarum
1580 3713 1718 3769 salubritate
1732 3716 1785 3769 aitt-

158 3808 203 3853 rcs
217 3802 297 3852 eraat
311 3793 494 3851 rebicuiornm
551 3803 702 3861 uerumque
725 3788 771 3860 qul
789 3790 880 3845 cursui
895 3805 943 3871 po·
994 3787 1101 3861 galeria.
1116 3786 1182 3841 Cum
1197 3787 1282 3841 tribus
1295 3784 1439 3855 generibus
1451 3785 1546 3837 doctus
1559 3798 1636 3862 aarum
1648 3782 1722 3847 lant,
1735 3799 1784 3840 au·

156 3863 224 3922 biioo
237 3863 408 3934 servieban13
424 3865 463 3921 sic
481 3864 507 3920 ιι
516 3807 620 3918 edusiis
634 3859 805 3915 dromonum.
819 3858 856 3914 bc
871 3859 943 3916 'irci-
995 3867 1069 3914 ctore
1083 3856 1216 3923 Vitruvio,
1228 3857 1292 3909 rivis
1305 3869 1352 3922 per
1366 3852 1633 3934 ¹canaics'structrlesn,
1651 3861 1697 3906 aut
1712 3853 1788 3933 iustu·

156 3935 229 3997 musi
250 3943 279 3995 et
303 3933 458 3992 liestiiiensi
476 3933 592 3990 vidimus
612 3948 619 3984 :
643 3945 715 3986 uuus
736 3928 769 3984 de
791 3929 943 3985 Brixiiiensi
996 3930 1030 3983 iis
1051 3927 1194 3997 plumbeis,
1219 3940 1265 3980 scu
1290 3925 1389 3980 tubulis
1411 3921 1548 3986 betritbrrs;
1577 3936 1622 3990 qut
1651 3922 1786 3977 structiles

156 4003 293 4063 timemur.
308 4003 447 4076 signidem
469 4002 541 4060 enim
563 4000 677 4067 Brixiiii,
691 3998 761 4069 quod
774 3998 901 4069 oppidum
915 3999 943 4055 iu
997 3999 1063 4054 ilunt
1074 3999 1192 4052 rivorum
1205 3995 1322 4060 canales,
1346 3993 1452 4048 Forrnm
1469 3991 1575 4071 proprie
1589 4000 1787 4071 rrxrneupantur.

156 4070 248 4134 dextra
262 4073 327 4132 Padi
340 4075 397 4144 ripa
410 4073 527 4131 AEmtltae
537 4073 588 4131 iuit
615 4069 753 4138 recincta,
767 4069 943 4125 mutationem
997 4068 1098 4123 Nomen
1109 4066 1181 4133 inde,
1192 4075 1220 4119 ut
1231 4073 1350 4135 apparet,
1364 4063 1434 4132 quod
1444 4061 1558 4116 subditus
1567 4059 1663 4115 formis
1673 4070 1786 4142 rustrue·

156 4145 221 4202 remi
242 4160 286 4202 um
311 4143 574 4212 incrassatorum
626 4139 943 4206 milianos.successissc;
998 4141 1103 4193 bantur.
1119 4138 1175 4205 Qua
1191 4137 1294 4191 ratione
1308 4134 1433 4189 lex-maeel
1444 4146 1549 4201 quoqne
1559 4131 1683 4187 liborum
1693 4130 1787 4199 llrspa-

156 4214 191 4271 ita
231 4212 340 4279 delicet,
355 4222 478 4289 utsupra
500 4212 641 4269 Brixillum
661 4226 693 4267 su
729 4209 943 4265 rnatesdromo·
997 4223 1146 4278 nurumque
1160 4222 1191 4262 ex
1209 4217 1278 4260 terra
1292 4204 1406 4284 parietes
1428 4202 1503 4284 dieti,
1517 4201 1643 4283 quioniam
1658 4202 1685 4255 in
1701 4200 1786 4256 iormu

157 4281 596 4367 narilVeuetiiueriottdciuceps
610 4295 674 4338 uero
704 4280 839 4337 niemates
858 4279 945 4336 AExni-
998 4277 1170 4361 circumdatis
1192 4275 1294 4332 duabus
1319 4273 1416 4329 tabulas
1445 4273 1630 4339 rulercrantur,
1657 4278 1686 4327 ut
1711 4271 1791 4332 docet

157 4352 397 4548 ωῗιιῗῗιιιιι
411 4421 816 4506 cattopptuspeucmgcsm.
833 4418 945 4490 nuptm
974 4405 977 4411 '
999 4348 1334 4497 ⁹¹¹0¹¹¹¹d³11¹ffd⁰ssddvdrffissi
1348 4344 1414 4469 1ἔτι
1436 4412 1491 4467 ιιι
1505 4410 1579 4467 reru
1594 4411 1702 4466 tastum
1719 4425 1791 4468 :nec

156 4493 226 4549 enlm
280 4507 366 4549 tensa
378 4492 507 4550 iurnandi
520 4493 547 4549 in
565 4491 676 4550 Geticis.
691 4492 780 4551 Prima
804 4492 945 4559 itatenus,
998 4488 1089 4546 clausa
1106 4488 1225 4544 luitantc
1239 4486 1338 4541 Leonis
1354 4499 1427 4553 papan
1442 4482 1476 4538 tv
1488 4494 1621 4563 ternpore,
1633 4482 1677 4550 qut
1692 4496 1789 4563 novam

156 4562 248 4619 ttititm
271 4561 372 4619 Classis
407 4563 495 4621 medie
518 4563 649 4619 Cmmrea.
679 4562 716 4618 ita
738 4576 770 4617 ue
793 4559 854 4616 urba
876 4569 947 4614 tetus
1000 4558 1116 4615 nominis
1137 4559 1177 4613 sui
1202 4558 1293 4612 urbem
1317 4554 1448 4610 moenibus
1471 4563 1571 4617 crnxtt,
1594 4565 1654 4621 quse
1672 4551 1791 4607 bastitcae

157 4631 261 4689 sidonii
276 4638 319 4689 est
337 4605 477 4702 tta’renm,
500 4633 572 4696 rudior
595 4635 611 4688 ἀ
630 4638 696 4705 χαία
717 4578 833 4689 {usinum
857 4628 948 4684 Nouus
961 4601 989 4662 D
1003 4629 1126 4702 praesidio
1140 4623 1538 4708 esset'aduersus'Sarraceuos
1586 4692 1592 4703 α
1752 4692 1757 4703 Ι

156 4712 257 4775 mnas,
272 4699 381 4769 Classis,
397 4718 494 4759 nomeu
510 4704 560 4760 boe
582 4654 633 4829 15
650 4718 665 4758 a
680 4703 766 4759 classe
780 4712 854 4757 nacta
866 4714 948 4782 quam
1040 4697 1051 4738 ι
1075 4698 1174 4753 ιιιιιιιι
1189 4709 1268 4749 utram
1285 4704 1404 4749 nrcrmmt
1419 4707 1461 4760 epr
1480 4699 1498 4743 t.
1514 4694 1530 4744 9
1545 4700 1572 4746 ct
1587 4708 1616 4772 ru·
1628 4691 1791 4760 Panegyrrco

156 4772 178 4827 tt
232 4771 343 4831 stostbi
359 4770 508 4829 collocavit.
535 4771 584 4827 vla
625 4773 724 4839 mauris,
740 4771 862 4826 Caesarea
877 4783 947 4839 ipsa,
1004 4769 1158 4825 Anthemii:
1176 4761 1792 4834 Siesoccrriuqustusqeucroiitcruterebeuttss.

156 4855 182 4897 st
262 4842 332 4899 itrtet‘
344 4841 446 4899 Urbem
460 4852 489 4900 el
501 4857 585 4899 mare·
599 4841 675 4911 Quod
690 4841 812 4913 sequitur
825 4840 948 4911 oppidum
1004 4838 1128 4895 irrisustae
1151 4836 1249 4904 nuptiae
1275 4852 1282 4888 a
1307 4848 1373 4913 quas
1395 4833 1500 4913 ingrato
1521 4846 1621 4911 gesturo
1645 4830 1791 4910 exprobrat

151 4910 264 4983 capta,
286 4925 339 4974 beu
362 4912 396 4967 ad
421 4913 472 4969 itia
492 4912 549 4969 bec
569 4912 701 4979 tnembre,
721 4911 770 4967 sed
782 4910 816 4965 ad
829 4919 948 4965 vetereto
1005 4908 1167 4964 Antlrernius
1180 4905 1249 4972 apud
1265 4902 1413 4957 ιιιιιιιιιιιι
1430 4918 1455 4954 ιιι
1473 4900 1529 4953 Vrta
1546 4899 1698 4980 Eprpitauu.
1718 4898 1793 4965 Quas,

149 4988 260 5039 ustum
275 4980 621 5045 mvebnemreietettdutm
636 4995 716 5051 quaut
739 4979 803 5037 Padi
826 4993 888 5050 pets
908 4979 950 5033 itt·
1006 4979 1103 5048 inquit,
1120 4980 1166 5029 luc
1181 4983 1294 5028 ueterum
1314 4983 1381 5025 retro
1414 4972 1539 5051 riuciptmt
1554 4975 1612 5038 lectt
1627 4983 1750 5037 unquam,
1767 4978 1795 5023 stt

143 5048 242 5107 flocus
256 5049 392 5122 duplicem
407 5050 530 5108 iaciebat.
935 5113 938 5119 ¹
1005 5051 1071 5105 a'rtter
1083 5062 1187 5101 asuucru
1206 5061 1262 5112 qum
1273 5043 1360 5124 pellito
1403 5051 1448 5094 eto
1463 5043 1520 5094 tinrr
1537 5054 1636 5093 neccsse
1657 5042 1721 5102 erut,
1746 5052 1794 5109 pro

191 5119 292 5183 ‘Oiim
313 5118 417 5179 Rubico
437 5121 498 5183 stitis
520 5120 614 5177 ltaliae.
632 5120 728 5177 Cicero
749 5120 776 5174 ιιι
798 5117 947 5175 Αιιιοιιίιιιιι
1005 5119 1088 5190 quiete
1101 5120 1226 5170 currentem
1241 5114 1295 5182 fiitu
1309 5112 1462 5179 poneretur?
1477 5109 1796 5188 Nescirrtttapurceresora-

138 5186 255 5263 litiiip.
274 5192 353 5247 dest
366 5192 505 5247 madium
521 5192 587 5249 citro
609 5193 705 5262 piamen
719 5189 883 5253 itrrteoaem,
904 5187 950 5260 qai
1006 5190 1078 5260 quini
1100 5195 1197 5247 rtostro,
1219 5184 1280 5237 dura
1301 5196 1426 5236 seruaturus
1446 5181 1566 5233 alienum.
1580 5180 1718 5232 litrtlremtt
1734 5177 1796 5231 salsae

134 5260 217 5327 Attis
228 5269 269 5319 cst
280 5258 382 5327 dedite,
396 5259 524 5317 educeret.
540 5261 641 5319 italiam
656 5261 728 5319 euim
741 5275 755 5317 a
768 5257 950 5314 GatttaClsal·
1006 5273 1104 5315 nomen
1130 5254 1245 5310 bscilaru
1260 5268 1313 5306 nour
1328 5248 1418 5315 luisse,
1437 5258 1465 5329 ut
1488 5249 1594 5328 qnidam
1615 5255 1795 5326 censuerunt,

134 5330 220 5403 Dina
231 5329 626 5402 dxtmsbardbsttluguston,
638 5331 683 5402 qui
694 5327 951 5399 cisalpinamltaltae
1007 5328 1159 5385 monuimus
1175 5327 1199 5378 in
1215 5322 1290 5376 Notis
1304 5321 1337 5375 ad
1362 5319 1523 5382 Enrrcdmm,
1545 5318 1678 5385 sumulque
1697 5328 1797 5394 erroris

134 5399 266 5475 idiecit,
281 5399 363 5463 Μία·
377 5401 437 5459 dttis
451 5399 532 5490 Alpes
544 5404 628 5470 lutere,
651 5415 704 5456 non
722 5398 836 5455 ttubteo.
852 5396 952 5453 Strabo
1007 5401 1106 5451 iontem
1120 5393 1295 5449 iudicavimus
1317 5407 1349 5445 ex
1371 5389 1460 5444 verbis
1474 5386 1595 5455 Gregorii
1619 5388 1795 5461 Turonensis.

137 5464 207 5527 lib.
217 5485 252 5538 vt
263 5472 333 5531 lissi
344 5468 372 5528 et
382 5476 428 5530 stis
439 5471 567 5550 imapum
577 5468 753 5535 rde'ditaxe'sm,
766 5471 839 5551 ἀρχή
851 5476 897 5528 τῆς
906 5474 952 5521 νῦν
1008 5468 1041 5522 Et
1055 5467 1161 5535 qrridem
1187 5461 1364 5517 animaduerti
1389 5464 1510 5539 potuerat
1534 5458 1678 5512 barbarum
1699 5449 1797 5505 Ascliae

133 5533 274 5606 Ἰταλιας.
299 5539 368 5597 Post-
385 5539 500 5612 mptum,
523 5539 619 5612 iuquit,
637 5540 737 5596 tudites
757 5539 860 5594 irritatam
883 5551 953 5592 aurae
1009 5552 1107 5593 nutrrctr
1118 5535 1219 5589 Graecae
1231 5533 1323 5602 poetice
1334 5546 1387 5584 non
1400 5542 1555 5608 courteous,
1567 5526 1797 5606 curutirmcorom

145 5604 257 5666 ΜΦ·
1010 5621 1069 5663 tttos
1090 5605 1169 5661 inerit
1189 5604 1281 5674 patriis
1295 5612 1320 5657 ct
1338 5598 1549 5659 sienltlcamrbns
1568 5607 1703 5652 notutuuttt
1718 5602 1798 5647 tuce·

192 5676 207 5717 ι
226 5679 312 5750 Aquae
325 5679 431 5738 duetus.
445 5676 620 5737 Cassiodorus
641 5677 670 5737 itt
692 5676 825 5737 domium
839 5674 952 5734 terrra·
1011 5676 1083 5731 bulis
1096 5675 1132 5731 uti

149 5748 219 5810 tete
233 5745 315 5811 tlrtxts
331 5762 340 5807 t
354 5749 388 5811 itt
401 5747 627 5824 termodestone
641 5757 774 5818 atrumque
793 5747 954 5818 precipuum
978 5783 1012 5851 ἢ
