3810 6254
189 320 255 375 thul
797 310 956 372 uuhhthtt
976 309 1202 372 ithSlLlENSLS
1744 293 1805 363 ltdl

190 436 251 488 eret
266 431 417 496 distulit-el
430 430 528 487 ritiahc
538 440 640 485 natucm
650 429 859 498 suggestionum,
874 438 970 484 contre
986 435 1007 490 Α
1023 437 1159 498 pturnnun
1184 425 1320 496 explicuit.
1345 423 1444 491 erinto
1463 422 1568 480 decimo
1589 434 1653 477 rero
1674 420 1805 477 volumine

189 537 219 578 se
234 523 341 576 lruherct
359 522 552 575 testimonium.
571 519 647 586 Quod
661 528 750 574 tumen
764 533 831 587 opus
845 515 859 555 b
873 518 968 572 eadem
1026 530 1110 574 ιοιιιιιι
1126 519 1215 590 operis
1232 519 1391 587 solempne,
1406 517 1584 571 citatisetiam
1599 511 1710 569 Petrum
1728 515 1806 568 tradi-

191 613 433 683 simplicitateque
448 612 473 665 in
486 610 579 664 Crreco
589 609 688 672 inveni,
703 608 792 676 jussus
805 606 831 661 in
846 607 969 661 Latinum

112 755 117 759 .
191 705 325 761 trortstuii.
348 704 502 769 Composut
524 711 552 757 et
574 701 742 757 anachoretis
762 699 918 768 simpliciter
933 699 974 753 ri·

192 795 312 849 rentihus
328 793 435 848 Librum
447 800 555 847 centurn
575 791 776 853 sententiarum,
793 804 840 858 per
854 788 972 858 capitula

191 887 339 955 digestum
355 892 382 938 ct
395 884 506 938 cruditis
520 896 551 936 sc
565 881 691 936 studiosis
707 880 896 949 quinquaginta
910 875 990 933 sen-⁹

193 973 346 1037 lentiscum,
360 987 438 1041 noem
453 985 503 1041 ego
520 971 642 1024 Latinum
654 968 755 1038 primus
770 966 830 1021 ieci.
845 966 911 1021 iiam
927 980 973 1019 su·

192 1066 326 1135 periorem
341 1065 402 1118 olim
413 1065 581 1129 translatum,
595 1063 657 1131 quia
671 1062 792 1114 vitiatum
805 1066 833 1112 et
843 1072 890 1128 per
906 1067 973 1111 tcm-

193 1171 243 1227 pns
266 1155 405 1211 contusum
419 1154 483 1221 ridi,
507 1154 602 1224 partim
620 1151 861 1222 reinterpretando,
877 1150 973 1219 purtim

98 1264 102 1276 “
192 1247 369 1311 emendando,
397 1246 514 1301 auctoris
536 1244 639 1299 veritati
661 1243 775 1298 restitui.
792 1252 804 1280 ⁰
821 1241 976 1309 Composuit

194 1335 243 1394 et‘¹
259 1339 398 1394 coerrohitis
420 1349 446 1393 ct
462 1347 474 1374 ⁰
489 1336 620 1406 synoditis
635 1335 786 1390 [loctunam
807 1342 897 1402 optem
916 1333 977 1386 vitae

193 1430 360 1493 cummunls;
387 1440 413 1484 ct
441 1429 472 1482 ad
498 1429 613 1497 uirgines
635 1425 690 1482 ilco
711 1435 830 1480 secretus
858 1424 976 1479 libellum

193 1529 389 1589 competentem
414 1519 533 1586 religioni
559 1527 587 1570 et
607 1517 695 1571 serui.
727 1515 813 1568 Edidit
833 1525 861 1569 et
881 1528 977 1582 pouces

1025 613 1152 677 tionibus,
1166 611 1333 666 conllrmntit
1343 621 1369 664 ct
1379 608 1563 664 eornmunirit.

1317 698 1430 755 citetis
1448 698 1518 753 xiil.

1062 791 1257 845 senooz-orno
1278 787 1286 826 ¹
1307 790 1347 843 uir
1368 790 1489 844 seculari
1514 790 1662 844 litterature
1692 789 1809 843 eruditus

1027 884 1175 950 composuit
1188 882 1207 918 '¹³
1219 882 1368 951 διττοχαῖον
1382 880 1415 935 dc
1426 889 1482 935 toto
1493 879 1581 936 Veteri
1593 889 1621 936 ct
1635 880 1710 934 Novo
1721 880 1810 934 Testo-

1028 977 1119 1027 mento
1132 972 1253 1041 personis
1267 979 1280 1006 ¹¹
1294 970 1423 1038 exceptis.
1439 969 1641 1024 commentatus
1661 978 1705 1024 est
1726 977 1809 1023 auten

1030 1064 1056 1116 in
1070 1077 1172 1116 morem
1186 1060 1340 1116 Graecorum
1352 1069 1364 1096 ⁰
1378 1059 1547 1114 Hecaenreron
1561 1058 1596 1114 de
1610 1058 1703 1113 rnundl
1717 1058 1811 1112 fabrica

1031 1170 1114 1225 usque
1138 1154 1171 1209 ad
1186 1152 1366 1208 conditionem
1382 1152 1460 1221 primi
1478 1151 1595 1206 hominis
1609 1160 1636 1204 ct
1660 1149 1810 1219 precarios·

1030 1247 1129 1300 tionem
1149 1245 1217 1312 elus.
1233 1243 1388 1312 Composuit
1402 1252 1429 1297 et
1440 1241 1556 1306 libellos,
1572 1256 1640 1308 quus
1659 1239 1754 1294 Graeca
1768 1254 1811 1308 ap

1030 1337 1175 1407 pellectione
1198 1334 1341 1388 attitulavit
1356 1344 1369 1381 e
1382 1331 1558 1402 Apotheosis,
1586 1331 1811 1401 l’sychomncliia,

1032 1424 1239 1494 Heroartigenin,
1260 1423 1285 1477 id
1311 1433 1361 1487 cst,
1375 1431 1389 1471 t
1401 1422 1434 1476 de
1456 1421 1607 1486 vicinitate,
1627 1420 1689 1474 rote
1709 1435 1813 1488 cumpu·

1030 1514 1137 1583 poentio
1157 1513 1261 1576 eninm,
1278 1511 1312 1565 de
1334 1511 1437 1578 origine
1456 1520 1636 1580 peccatorum.
1656 1504 1732 1565 Fecit
1746 1521 1772 1564 et
1789 1511 1812 1563 in

194 1608 367 1663 sententiolas
377 1607 455 1661 roldc
466 1606 604 1669 obscuros,
619 1613 656 1671 ct,
669 1614 698 1658 ut
711 1607 767 1674 ipsc
782 1605 808 1657 in
821 1605 862 1658 his
872 1604 919 1670 ait,
934 1618 979 1657 so·
1022 1602 1134 1660 hiidem
1145 1614 1301 1676 martyrum,
1315 1602 1508 1659 'scholiorum
1519 1603 1681 1668 nominibus,
1694 1604 1813 1657 inritato-

187 1700 227 1754 ,lis
250 1698 438 1754 monachorum
463 1696 588 1751 cordibus
614 1695 809 1763 cogitoscihiles
825 1712 831 1745 :
846 1708 912 1763 ortos
936 1694 974 1747 si-

1031 1698 1099 1752 rium
1112 1698 1145 1751 ad
1163 1696 1318 1767 martyrium
1334 1695 1432 1749 lihrum
1447 1706 1541 1756 unum,
1557 1702 1584 1748 et
1604 1695 1765 1764 hymnorum
1778 1696 1815 1749 cl·

196 1791 292 1844 militer
307 1803 356 1854 epo
377 1788 483 1841 Latinus
504 1786 584 1840 edidi.
601 1785 671 1839 Vixit
694 1784 775 1856 lonpn¹
789 1793 878 1848 mtote,
895 1784 979 1854 signis
995 1786 1118 1846 Btcrum
1135 1786 1263 1854 :speciali
1279 1796 1366 1840 temen
1382 1785 1530 1849 irucntidne
1551 1784 1680 1840 cd’rersus
1695 1784 1815 1855 Symma-

197 1893 222 1935 ct
242 1882 252 1918 ἴ
265 1882 406 1936 virtutihus
421 1879 532 1948 pollens.

491 1968 604 2024 CAPUT
624 1968 680 2024 llll.

233 2061 418 2115 cuooooncs
440 2059 612 2114 Antiocheno
632 2058 758 2114 ecclesio
774 2059 924 2129 presbyter,
941 2060 981 2114 ric

198 2153 306 2205 scicntia
320 2159 424 2216 cautus,
447 2158 474 2204 ct
489 2149 578 2218 lingua
590 2145 604 2183 l
616 2148 732 2205 disertus
753 2148 859 2219 scripsit
879 2149 981 2203 Adser-

198 2257 263 2296 sum
279 2242 481 2311 Apollinaristas
495 2249 523 2295 ct
545 2241 726 2295 Eunomlauos
746 2240 781 2294 dc
795 2240 981 2295 incarnatione

198 2335 302 2389 llorniui
324 2335 406 2389 lihros
419 2333 581 2403 quindecim,
598 2332 630 2387 ad
645 2331 796 2401 quindecim
818 2333 901 2386 millia
924 2346 982 2388 rer·

198 2440 273 2480 suum
284 2425 460 2480 continentes.
477 2423 506 2478 ln
519 2423 616 2493 quibus
629 2423 733 2479 ratione
749 2424 889 2492 purissima
904 2431 930 2478 cl
941 2432 982 2476 tc·

199 2516 330 2570 stimoniis
356 2515 553 2583 Scriptrrrurum
579 2514 696 2570 ostendit
720 2514 862 2570 Dominum
888 2514 979 2569 lcsrrm

199 2607 266 2660 siem
281 2603 472 2673 plenitudinem
492 2604 609 2668 deitatis,
623 2604 659 2659 itu
681 2604 873 2674 plenitudinem
889 2603 982 2660 humo·

200 2694 290 2749 nitatis
302 2694 435 2752 tribuisse.
452 2694 534 2747 Docet
546 2702 572 2748 et
586 2694 719 2749 hominem
739 2694 745 2730 i
761 2694 865 2748 duabus
879 2704 981 2748 tanturn

201 2783 357 2838 substantiis
370 2793 505 2848 constare,
522 2783 613 2848 idest,
629 2783 716 2840 animo
731 2793 758 2837 ct
775 2798 903 2853 corpore;
919 2799 982 2838 son-

200 2890 311 2944 sumoue
327 2885 352 2930 et
366 2876 488 2944 spiritum
500 2890 552 2930 non
562 2875 673 2930 alteram
685 2876 872 2942 substantiam,
883 2876 930 2932 scd
940 2876 983 2930 oi-

201 2967 258 3023 ticia
269 2980 329 3022 csse
342 2968 438 3021 anime
457 2967 584 3035 ingenita,
605 2967 702 3037 quibus
715 2969 809 3036 spirat,
825 2968 921 3038 qrrilrus
940 2985 981 3022 rn-

1031 1874 1110 1932 chum
1129 1876 1306 1930 idololatriam
1322 1874 1565 1929 defendentemtes
1576 1888 1690 1944 ouorrun
1706 1874 1815 1927 lectione

1030 1968 1184 2036 agnoscitur
1197 1966 1333 2022 Palatinus
1347 1967 1354 2001 ¹
1370 1967 1446 2020 miles
1462 1965 1550 2019 luiso.

1325 2053 1436 2111 cucur
1456 2046 1527 2110 itt.

1068 2150 1236 2209 duorumve.
1251 2148 1391 2218 episcopus
1406 2147 1552 2216 hispanas,
1568 2149 1675 2217 scripsit
1693 2148 1817 2202 adversus

1034 2239 1204 2304 lintrichccos,
1217 2239 1382 2294 Sabelltaoo
1404 2247 1432 2293 et
1445 2239 1569 2301 thuanus,
1583 2240 1701 2294 morione
1715 2255 1817 2309 quoqne

1033 2329 1141 2399 speciali
1157 2329 1304 2384 intentione
1317 2338 1410 2385 contra
1424 2337 1436 2365 ⁰
1448 2328 1629 2394 Plrotinianos,
1638 2332 1683 2400 apd
1697 2347 1767 2384 nnnc
1776 2347 1817 2383 ro

1033 2430 1127 2476 cantur
1141 2419 1290 2483 honoriaci,
1306 2419 1412 2483 lilrrum,
1427 2434 1506 2488 quem
1521 2420 1694 2489 pretitulorit
1709 2422 1743 2477 de
1756 2421 1818 2475 Fido

1034 2511 1174 2565 adeersum
1191 2511 1331 2566 liereticos
1358 2529 1363 2563 :
1387 2512 1413 2566 in
1432 2526 1484 2582 quo
1502 2513 1619 2570 ostendit
1637 2515 1819 2584 antiquitatem

1035 2604 1092 2659 Fili
1115 2601 1160 2660 hot
1184 2615 1196 2642 v
1216 2602 1403 2659 coaetcrnalcm
1428 2604 1499 2659 Patri
1526 2603 1617 2672 luisse,
1643 2621 1694 2660 occ
1717 2606 1818 2660 initiunt

1033 2694 1140 2749 deitatis
1155 2702 1216 2749 tunc
1234 2709 1249 2748 ι
1264 2695 1318 2750 ileo
1333 2693 1412 2750 Patre
1426 2704 1440 2732 ¹
1456 2696 1600 2764 accepisse,
1617 2712 1677 2751 curn
1693 2698 1727 2752 de
1741 2699 1819 2753 ilaris

1037 2786 1142 2855 l'irgine
1155 2784 1244 2850 homo,
1256 2773 1311 2840 lico
1324 2770 1478 2852 lubricante,
1491 2774 1635 2856 conceptus
1645 2798 1671 2842 ct
1683 2799 1819 2843 rrrtusest.

1333 2874 1446 2930 CAPUT
1465 2875 1521 2929 llll.

1069 2978 1082 3017 r
1096 2969 1293 3033 conticuimus,
1308 2967 1370 3021 dnm
1384 2969 1453 3022 inter
1468 2969 1611 3024 seculares
1625 2970 1729 3025 litteras
1740 2971 1819 3024 etium

201 3057 308 3111 tlonciis
320 3067 371 3122 est,
394 3056 491 3127 qtrirns
515 3057 643 3112 sensihilc
663 3057 725 3112 iecit
748 3072 853 3127 corpus.
871 3059 878 3108 i
898 3059 981 3125 Quar-
1034 3067 1139 3111 tra-tros
1155 3057 1227 3122 toph,
1239 3057 1407 3110 occasionem
1423 3058 1524 3124 :recepit
1537 3057 1608 3112 lirici.
1623 3057 1719 3113 Factus
1735 3060 1820 3128 iisque

201 3158 255 3202 lum
272 3148 404 3202 deciroum
418 3158 506 3201 autem
523 3148 601 3224 hujus
612 3148 700 3216 operis
720 3147 815 3215 librum
828 3149 935 3218 proprie
949 3134 1018 3205 ch
1035 3147 1219 3208 Christianus,
1247 3156 1273 3200 et
1298 3148 1390 3200 rolens
1414 3147 1512 3215 aliqud
1539 3148 1688 3201 studiorum
1713 3164 1819 3202 suorrm

201 3239 316 3293 increato
331 3245 357 3291 et
370 3239 427 3290 sole
439 3237 607 3305 incorporer,
622 3236 783 3305 dominoque
792 3239 910 3292 nrnrrlunr
921 3253 982 3293 san·
1036 3243 1155 3296 mucoris
1167 3240 1265 3296 ollcrre
1279 3240 1395 3305 Christo,
1412 3256 1467 3295 sun
1480 3240 1574 3296 solertis
1586 3241 1701 3306 auctori,
1716 3242 1820 3308 scripsit

203 3334 252 3380 ctae
263 3324 400 3379 Trinitatis
414 3333 517 3388 tratura,
534 3333 560 3377 ct
572 3323 606 3378 dc
619 3334 801 3378 creaturarum
814 3325 916 3378 ratione
928 3325 983 3381 dis·
1036 3330 1162 3384 mediocri
1182 3345 1315 3387 sermone.
1331 3339 1341 3365 ι
1356 3332 1429 3398 «perosi
1452 3346 1544 3397 versor,
1564 3330 1661 3385 librum
1681 3331 1820 3386 aduersum

204 3430 305 3482 serens,
324 3428 373 3480 pro
392 3428 471 3468 seusu
488 3428 548 3467 cum
563 3415 721 3470 auctoritate
740 3423 892 3469 sanctarum
911 3415 983 3471 Scri·
1037 3419 1165 3486 Parenos.
1182 3420 1215 3476 ht
1226 3421 1288 3491 quia
1303 3435 1395 3489 perum
1410 3431 1437 3457 ¹¹·
1453 3435 1602 3476 nostrorum
1615 3423 1737 3488 attigerat
1753 3423 1820 3477 litte.

239 3562 252 3587 e
270 3549 317 3602 Vel
330 3547 528 3599 diabolicidam
549 3556 647 3600 oratoru
660 3548 796 3617 coopertio,
816 3557 839 3600 ct
854 3558 942 3603 contro
956 3566 984 3602 re
1037 3550 1159 3622 Philippo
1183 3567 1254 3607 anno
1279 3552 1377 3607 Christi
1403 3552 1455 3606 dili
1478 3553 1571 3605 consul
1599 3552 1658 3606 luit.
1686 3553 1731 3608 liis
1753 3556 1820 3609 addc

208 3621 296 3674 lrnheat
310 3617 490 3670 testimonium.
1035 3636 1120 3675 arrnos
1140 3622 1174 3676 57
1195 3637 1262 3692 quos
1289 3633 1379 3692 cgernt
1392 3617 1560 3684 Prudentius,
1585 3623 1716 3688 reliquum
1737 3634 1779 3678 cst
1793 3639 1820 3676 ut

240 3686 391 3741 biicrrrdcm
413 3685 598 3751 rirrrplicitc'em
614 3702 665 3754 quo
689 3691 714 3742 iu
734 3687 849 3742 lironem
873 3687 984 3742 invenire
1036 3690 1093 3744 lucc
1116 3693 1253 3758 scripserit
1276 3706 1346 3745 ortuo
1369 3691 1466 3745 tllrristi
1490 3690 1554 3744 tus.
1578 3690 1714 3745 l‘ruderrtii
1739 3708 1820 3761 opera

206 3761 273 3812 riou
283 3771 349 3821 scut,
361 3756 387 3807 hs
400 3753 517 3808 Letinrou
532 3757 656 3808 trurirtnli.
1035 3763 1134 3825 omniu,
1150 3761 1238 3815 studio
1249 3761 1380 3816 Theodori
1393 3759 1530 3813 Polorcnni
1545 3769 1572 3813 ct
1585 3759 1700 3814 Victoris
1710 3762 1821 3817 Ciselioi

242 3825 393 3904 ellppomit
410 3825 488 3878 ltshet
511 3824 626 3878 iliceos.
654 3826 741 3880 Nostri
760 3828 867 3881 codices
885 3828 985 3882 rectius
1035 3845 1068 3885 cx
1082 3830 1133 3884 hde
1144 3830 1177 3885 tu
1191 3831 1319 3884 lihroium
1333 3832 1572 3895 manuscriponnn
1587 3830 1727 3884 emendata
1739 3831 1817 3886 l'lan-

206 3906 236 3952 ut
257 3909 362 3964 opinor,
379 3890 535 3961 Composuit.
549 3923 583 3932 -
595 3894 655 3948 lluc
674 3898 766 3958 recha,
789 3897 935 3964 Composuit
960 3904 983 3948 et
1037 3899 1108 3952 tinus
1123 3898 1192 3954 tsct
1204 3900 1259 3954 suis
1274 3900 1342 3969 typis
1356 3899 1507 3963 publicarit.
1524 3899 1641 3953 Menses.

206 3965 371 4028 auoclmrctis,
384 3977 468 4030 usone
478 3964 510 4015 cd
524 3963 579 4025 illa,
593 3968 703 4019 auctoris
716 3968 814 4019 ceritati
827 3968 944 4031 restituti,
959 3967 984 4019 in
1077 3967 1084 4004 ¹
1102 3968 1180 4024 ilcest
1190 3969 1228 4022 cir
1241 3968 1267 4023 in
1283 3983 1333 4023 ms.
1349 3968 1429 4022 Corh.

207 4045 319 4104 utroque
332 4031 433 4097 codice,
447 4041 473 4086 ct
484 4030 674 4104 Guelphcrbyt.
691 4044 718 4090 ct
729 4036 925 4105 Norihcrgcni,
941 4037 986 4089 dc·
1073 4047 1092 4074 ¹¹¹
1108 4037 1159 4104 td,
1172 4039 1305 4105 hericoni,
1327 4038 1430 4092 ritiosc.
1449 4038 1501 4095 Sed
1517 4036 1656 4106 legendum
1682 4036 1820 4110 δίπτυχον,

207 4105 365 4159 siderentur.
383 4102 448 4155 lino.
464 4101 619 4156 Cernimus.
1038 4120 1070 4159 ct
1083 4107 1183 4162 Cisauii
1194 4107 1390 4162 emendatione.

241 4169 417 4228 iconomus
429 4171 486 4224 sire
504 4172 633 4239 spirodite
646 4188 729 4240 gentis
753 4174 943 4227 morrnehorum
960 4175 985 4227 in
1073 4173 1231 4245 edroprir.
1252 4176 1288 4230 lta
1312 4189 1405 4231 omncs
1431 4174 1535 4230 codices
1559 4190 1622 4231 mss.
1647 4176 1699 4231 Sed
1718 4178 1822 4233 llirccus

202 4256 347 4297 corumunc
368 4240 512 4293 virentium
533 4247 561 4293 et
580 4241 614 4293 oh
633 4242 801 4298 arraehoretis
822 4258 890 4310 «puers
909 4245 987 4313 paulo
1039 4245 1101 4312 legit
1115 4247 1248 4315 errerptir.
1267 4243 1333 4299 uon.
1348 4245 1505 4300 Crcnuncst

207 4320 269 4366 oruc
280 4317 420 4371 tucmorat,
435 4308 630 4361 distinctorum.

244 4378 398 4447 espoortim
420 4376 498 4428 hahet
519 4376 622 4431 llirnuts
644 4389 736 4434 contra
760 4381 881 4434 codicum
897 4380 985 4435 ddum.

220 4449 291 4502 Eos.
303 4445 461 4500 Crenttuus.

164 4567 169 4575 ,
240 4515 255 4552 t
272 4517 313 4569 Al.
329 4513 461 4584 prodipiir,
477 4514 546 4581 eprtod
560 4516 691 4582 plosscnm
703 4526 753 4571 est.

242 4584 308 4638 sido
328 4583 418 4637 'Curio
441 4583 544 4648 vitiose,
565 4584 746 4639 Theodoretor.
762 4587 889 4651 -Quem
914 4587 983 4640 Ceu·

204 4655 303 4706 ‘studius
322 4652 367 4706 hio
379 4651 471 4705 Thood
483 4668 547 4706 ·ru.o
563 4655 744 4725 presbyterum
762 4667 847 4717 rocol,
863 4658 905 4710 ulii
918 4660 985 4710 seri-

209 4725 274 4777 hunt
284 4721 363 4775 hiirse
375 4718 556 4790 presbyterum
570 4726 595 4775 in
610 4728 770 4779 rrrromsterio
782 4725 887 4780 illicito.
902 4727 986 4779 l'oruo

210 4790 231 4843 V
247 4789 416 4846 Bibliothecae
426 4789 544 4854 Patruus,
555 4792 679 4847 editionis
690 4804 831 4861 postrcnno
844 4796 986 4849 Colonien-

1074 4322 1086 4347 ⁰
1099 4314 1192 4380 corh,
1206 4313 1380 4369 Euromo...
1396 4315 1564 4371 acceditlone
1577 4316 1652 4382 primi
1664 4314 1786 4371 hominia.

1076 4383 1150 4447 cll,
1164 4382 1241 4436 libros
1255 4400 1318 4451 quor
1332 4400 1371 4451 pr.
1383 4403 1409 4440 c.
1423 4385 1593 4453 prouentum.

1076 4461 1088 4500 ¹1
1102 4451 1165 4518 ΙιΙ..,
1176 4453 1332 4515 dedircrcis,
1348 4454 1451 4507 vitiose.

1002 4531 1087 4642 Dm?
1102 4522 1215 4576 Codices
1238 4522 1337 4576 uolent
1360 4523 1562 4591 conopoponntin·
1589 4523 1691 4576 ucimte.
1719 4521 1824 4578 Miluus

1075 4590 1119 4645 het
1131 4592 1219 4644 uniuri.
1234 4591 1300 4645 Eun.
1312 4590 1469 4646 Cicurinus».

1075 4670 1084 4694 ⁵
1096 4660 1149 4714 Sub
1160 4661 1269 4714 ulicruor
1280 4662 1422 4713 nourriniirs
1433 4661 1604 4715 irrtrituhrium
1616 4661 1650 4714 ud
1661 4663 1821 4731 urartpdron,

1040 4727 1101 4783 lire
1119 4730 1198 4784 verbu
1215 4732 1373 4784 oodttuntur
1390 4731 1415 4783 in
1437 4729 1535 4784 nostris
1553 4745 1616 4784 mss.
1635 4740 1664 4785 ct
1684 4746 1757 4785 recte
1768 4734 1822 4800 apoi-

1040 4798 1109 4852 dem.
1129 4801 1193 4853 iius.
1208 4798 1365 4855 (irentinus.

210 4861 256 4926 tis,
267 4868 353 4915 exstet
366 4859 443 4926 lutjus
457 4859 533 4913 titulo
542 4865 747 4917 cotronientsrius
758 4866 791 4916 do
805 4865 986 4918 incarnatione
1076 4870 1084 4903 ¹
1101 4869 1157 4922 Nou
1180 4869 1206 4921 io
1230 4869 1305 4922 lunis
1324 4876 1416 4922 contro
1432 4866 1620 4937 Symnmchum
1639 4867 1688 4920 sel
1705 4869 1731 4923 in
1746 4866 1816 4936 prul.

210 4929 324 4995 Dontini,
349 4938 439 4983 contra
463 4929 612 4983 Nestorium
639 4942 665 4985 et
687 4933 825 5002 Eutychen
841 4934 938 5002 :ciricis
958 4943 986 4987 ct
1039 4934 1243 4991 Cathemerinon
1260 4938 1310 4990 hoc
1326 4937 1408 5004 tangit
1420 4936 1578 4990 i‘nrdeotius
1593 4955 1599 4988 :
1615 4941 1718 4990 totidem
1729 4938 1823 4989 militur

205 4998 385 5054 lleilurminus
395 4997 421 5050 in
434 4995 560 5065 Cutaiugo
570 5002 699 5055 meminit.
718 5003 834 5057 litones.

243 5067 257 5105 ¹¹
272 5069 320 5132 ld..
333 5067 523 5122 disertissimus.

247 5137 253 5173 ὖ
269 5137 319 5202 ld,
331 5137 428 5190 duabus
441 5138 596 5190 substantiis.

246 5208 254 5255 l
270 5207 319 5269 hl,
333 5215 422 5274 pirario
436 5205 533 5259 decimo
546 5207 621 5261 l-lrro.

245 5274 258 5311 ¹¹
273 5274 387 5329 AEt'otem
409 5289 498 5339 strato,
517 5286 545 5329 et
555 5291 609 5344 epiro
627 5290 697 5330 anno
711 5291 758 5331 sua
773 5293 849 5334 surra
864 5290 986 5350 poemntn

209 5344 368 5402 irridentium
387 5344 532 5411 scripserit,
543 5357 545 5361 ’
556 5347 612 5414 ipse
627 5347 752 5415 prodidit,
768 5350 903 5404 consulem
920 5351 988 5404 inth-

1038 5005 1119 5073 proda
1132 5016 1240 5058 reectum
1256 5007 1335 5076 pictur
1346 5003 1474 5072 Principis
1488 5007 1577 5059 extulit
1590 5019 1751 5076 assrrorptunt
1763 5023 1819 5073 pro·

1038 5075 1096 5141 pitu
1110 5087 1177 5127 sture
1188 5074 1282 5145 juhcua
1296 5075 1384 5128 ordine
1396 5075 1521 5145 procincto.

1073 5151 1086 5177 ¹¹
1102 5143 1149 5197 ils.
1163 5142 1255 5205 Corin,
1265 5142 1439 5198 Fontinioros.

1076 5222 1087 5247 i
1103 5213 1151 5273 ld..
1166 5223 1316 5266 coeternum
1327 5212 1416 5281 (siste,
1431 5228 1481 5265 uou
1495 5212 1597 5266 initietur
1610 5211 1642 5268 D.

1076 5288 1087 5320 ¹
1103 5281 1128 5332 ld
1143 5320 1150 5343 ,
1167 5283 1292 5349 acceperit
1306 5297 1364 5334 cunt
1377 5279 1462 5334 horto
1477 5291 1566 5336 trratrc.
1768 5323 1772 5327 .

1073 5350 1139 5403 tlh·
1151 5350 1282 5405 Aurlcntio
1293 5359 1320 5404 et
1331 5349 1522 5404 Commodiano
1536 5351 1588 5413 scit
1601 5363 1709 5418 quoque
1719 5351 1821 5407 Trltlre

204 5430 272 5469 cans
295 5429 347 5483 quo
367 5425 444 5467 notus
458 5423 527 5478 erut,
545 5419 698 5481 prrrrlntssone
719 5415 745 5469 iu
760 5418 984 5482 Cathemerinon:
1039 5420 1106 5473 nrirrs
1123 5419 1168 5473 lib.
1181 5418 1216 5474 dc
1230 5419 1410 5501 Scriporihus
1430 5419 1526 5473 eccles.
1545 5419 1665 5473 lhueus.

168 5515 174 5526 ·
209 5499 288 5550 quaint
308 5495 397 5538 cetera
418 5497 482 5535 mss.
498 5485 657 5551 eremplnrio
678 5494 707 5537 ut
726 5486 807 5539 totius
820 5487 909 5556 operis
925 5488 988 5541 Prn-

210 5554 325 5605 cleritani
347 5550 519 5617 proaemium
545 5553 577 5604 itt
598 5554 679 5618 prima
703 5554 760 5621 eius
786 5555 872 5609 toron·
895 5559 989 5611 merito

1061 5489 1206 5551 lhercule
1214 5487 1821 5555 Sourrdust‘eut.ticetiocorlroaoolilno.

1076 5566 1103 5595 ι·
1118 5559 1160 5611 st.
1177 5568 1321 5612 nostrorum
1341 5560 1446 5612 litterar.
1459 5558 1641 5612 Cornrnodinoi
1659 5560 1756 5613 lihrum
1771 5560 1802 5611 cd
1812 5585 1823 5597 ·

211 5621 305 5671 locarit.
323 5620 427 5686 irrepsit
442 5620 524 5674 rulito
536 5622 643 5673 cerritior
656 5624 718 5682 serti,
733 5625 837 5676 oilitron
851 5627 989 5679 crucicola
1040 5628 1077 5680 elit
1092 5627 1221 5693 llipeltlus
1235 5643 1294 5680 rum
1309 5627 1389 5690 notis,
1403 5637 1428 5679 et
1445 5627 1527 5680 ilenr.
1541 5627 1696 5681 toooonlos
1711 5630 1824 5682 Schurr·

212 5686 290 5740 sotto
309 5704 415 5756 orpucnr
437 5688 482 5740 cub
501 5704 550 5757 quo
570 5693 652 5758 prium
676 5692 730 5743 dies
749 5693 820 5746 rrrilri.
845 5695 988 5748 Saliorum
1040 5696 1174 5750 lleisclrios
1186 5695 1344 5764 iitrotropo
1359 5697 1378 5749 h
1395 5695 1471 5759 tius,
1484 5697 1509 5750 i.
