3810 6254
137 263 191 324 tta
727 298 730 303 -
880 253 1045 313 maurinu.

1731 260 1785 323 bbd

137 378 200 439 Hos
210 373 263 448 ipsi
273 354 319 430 tua
333 371 424 444 prada
434 370 543 443 iacent:
557 369 605 428 sed
617 368 767 428 omittimus
779 367 847 426 istos
936 373 974 449 ιΑ
987 370 1081 428 Hortis
1096 369 1235 442 druides,
1249 384 1278 431 et
1287 386 1341 431 nuru
1362 381 1493 445 peccante
1506 372 1557 432 sub
1572 372 1638 443 ictu,

138 471 175 531 Ht
187 466 361 541 populatores
377 481 384 520 r
400 472 414 504 ¹
428 463 493 521 belli
507 464 593 535 magis
607 472 667 520 aeta
682 463 805 521 revolvo.

988 463 1106 522 Eductus
1117 477 1230 535 peecare
1242 463 1328 522 inrue.
1345 465 1419 522 Gens
1431 465 1483 521 ista
1497 473 1611 536 repente

138 561 217 633 Quod
231 559 332 618 bellum
346 571 401 615 nou
425 571 506 628 parva
526 569 633 625 manus,
649 570 698 612 nec
721 568 833 612 carcere
848 553 933 612 lractu
988 557 1152 628 Erumpeus,
1166 557 1337 629 solidumque
1360 557 1429 615 rotis
1451 566 1605 616 transvecta
1619 573 1669 630 per
1681 558 1781 619 istrum

138 655 180 715 dd
194 652 377 727 gradiaturam
388 660 417 708 tu
428 651 556 722 Spartace
578 651 669 707 vincte
685 649 811 722 parastis

139 746 195 807 Sed
212 745 348 819 Scytbicae
357 759 423 816 rago
443 744 518 800 turba
535 745 630 817 plagae,
645 743 760 801 feritatis
782 743 935 812 abundans,

139 840 216 909 Dira,
227 852 323 912 rapax,
336 838 492 905 vehemens,
509 839 575 910 ipsis
586 854 692 911 quoqne
705 837 832 909 gentibus
843 838 899 895 illic

139 932 260 992 Barbara
273 930 432 997 barbaricis,
446 930 522 1001 cujrts
537 930 591 986 dur
607 930 752 1013 Hormidag
765 924 846 1001 a'tque

139 1022 214 1081 Ciris
228 1031 297 1090 erat,
309 1023 385 1092 queis
398 1021 451 1078 tale
466 1023 555 1079 sulum
566 1032 615 1089 est,
633 1021 769 1093 murique,
786 1036 934 1094 genusque.

176 1114 288 1173 lAlbus
301 1114 483 1186 Hyperboreis
493 1115 591 1170 'lanais
603 1130 654 1186 qua
667 1115 781 1171 vallibus
792 1122 883 1182 actus,

141 1206 254 1282 Hipbara
263 1206 298 1264 de
311 1217 390 1264 caute
402 1207 485 1274 cadit,
497 1206 572 1278 jacet
586 1222 639 1265 arc
654 1208 705 1264 sub
715 1223 785 1265 urse

990 651 1120 719 licuerat,
1136 658 1165 707 et
1176 658 1265 706 sectas
1279 649 1411 707 inciderat
1426 649 1513 708 orbita
1525 650 1660 724 lymphas.

991 745 1067 802 lianc
1083 756 1110 801 tu
1123 743 1242 801 directus
1256 743 1270 782 ‘¹
1285 758 1333 814 per
1344 743 1441 801 Dacica
1460 760 1523 802 rura
1536 754 1676 817 vagantem

988 840 1141 909 Contralris,
1156 837 1320 911 aggrederis,
1330 851 1452 910 superas,
1465 838 1592 908 includis3
1607 848 1675 897 etut
1689 849 1716 896 te
1752 827 1754 832 ⁸

989 935 1090 991 Hetato
1103 933 1190 1006 spatio
1204 940 1355 989 castrorum
1369 931 1479 988 Serdica
1493 931 1569 1000 vidit,

988 1029 1072 1101 m
1085 1027 1231 1084 Obsidione
1245 1026 1359 1097 premis;
1382 1041 1442 1097 quae
1456 1013 1483 1082 te
1498 1027 1538 1082 sic
1557 1035 1677 1096 tempore
1695 1027 1782 1084 multo

988 1119 1018 1176 ln
1033 1119 1103 1175 uallo
1119 1119 1234 1190 positum
1248 1118 1362 1188 stupuit,
1377 1118 1447 1188 equod
1459 1117 1538 1173 miles
1548 1117 1575 1174 in
1588 1132 1668 1190 agros

984 1209 1043 1267 Hee
1054 1210 1142 1278 licitis,
1159 1225 1210 1267 nec
1222 1210 1327 1266 turtinis
1340 1210 1497 1266 excursibus
1511 1211 1575 1267 ibat.

143 1303 223 1378 207
236 1302 308 1359 Gens
320 1298 418 1358 animis
439 1299 623 1373 membrisque
638 1302 748 1357 minax:
763 1300 801 1357 ita
819 1300 937 1359 vultibus
989 1302 1038 1359 Cui
1051 1302 1158 1359 deesset
1170 1317 1231 1359 cum
1244 1316 1317 1373 sape
1331 1302 1424 1368 Ceres,
1438 1315 1597 1373 semperque
1609 1301 1717 1374 Lyaeus,

785 1411 792 1449 ι
812 1409 849 1451 sus

144 1486 277 1545 inlautum
290 1501 355 1543 suus
369 1487 465 1544 berrur
478 1488 561 1555 inest;
573 1488 712 1560 consurgit
723 1488 749 1546 in
760 1394 865 1547 taglam

144 1579 232 1636 Harsa
243 1579 357 1636 rotunda
371 1590 470 1651 capum
485 1581 600 1652 geminis
613 1580 664 1638 sub
678 1581 766 1639 ironte
779 1584 902 1641 cauernis

149 1671 228 1730 Visus
242 1671 319 1727 adest
331 1672 418 1728 oculis
431 1671 588 1730 absentibus
600 1690 607 1740 3
620 1682 679 1730 acta
692 1675 797 1732 cerebri

970 1449 972 1453 ,
990 1394 1134 1465 Disciplina
1150 1403 1241 1451 tamen
1254 1409 1307 1452 uon
1318 1392 1419 1458 deluit:
1435 1392 1498 1449 inde
1514 1393 1664 1466 propinquo

989 1488 1073 1544 Hoste
1085 1487 1170 1558 magis
1182 1488 1297 1543 timuere
1307 1486 1420 1554 ducem;
1435 1472 1475 1543 sic
1487 1485 1604 1557 denique
1617 1485 1717 1544 laetum
1730 1494 1784 1555 est,

992 1581 1026 1637 Ht
1042 1591 1054 1618 ε
1069 1581 1159 1637 socius
1172 1589 1226 1636 tum
1242 1579 1311 1636 forte
1322 1587 1394 1648 tuus,
1410 1593 1472 1636 mox
1485 1580 1616 1650 proditor,
1629 1580 1682 1637 illis

990 1670 1101 1728 Frustra
1116 1682 1189 1743 terga
1199 1671 1288 1739 daret,
1303 1671 1455 1727 commissae
1471 1681 1592 1743 tempore
1606 1685 1702 1744 pugnae
1718 1688 1725 1728 a

145 1764 174 1825 lu
187 1781 323 1823 eameram
339 1767 384 1822 rix
398 1765 432 1822 ad
447 1766 557 1839 refugos
571 1769 614 1823 lus
631 1769 856 1839 pertenitbrbcs
953 1762 1042 1834 DQui
1055 1766 1111 1837 jam
1126 1780 1187 1822 cum
1198 1765 1315 1838 lugeret,
1325 1764 1395 1822 dexo
1410 1765 1480 1837 pede
1491 1780 1593 1824 cornua
1604 1765 1720 1834 nudans,

145 1856 205 1916 dun
217 1866 307 1915 tamen
322 1866 349 1914 et
363 1857 470 1916 clauses
482 1878 489 1912 ι
503 1875 566 1916 nam
581 1861 684 1919 fornice
699 1878 753 1921 nen
772 1865 904 1935 spatioso,

146 1949 241 2023 Hagua
255 1951 347 2008 rident
357 1951 455 2024 spatia,
467 1963 494 2009 et
507 1952 618 2023 majoris
631 1954 740 2012 luminis
751 1970 828 2014 usum

147 2041 292 2115 Perspicua
307 2042 334 2100 iu
348 2043 437 2115 puteis
447 2056 624 2117 compensant
638 2059 736 2118 puncta
752 2049 901 2121 profundis.

146 2134 214 2194 Tum
229 2152 263 2194 ne
274 2151 322 2209 per
335 2139 419 2195 malas
431 2148 572 2196 excrescat
583 2140 670 2196 dstula
686 2141 797 2212 duplex,

148 2228 278 2287 obtundit
288 2238 394 2287 teneras
408 2230 574 2288 circumdata
593 2233 675 2290 daseia
689 2249 779 2302 nares,

148 2320 186 2379 lit
202 2321 288 2393 galeis
300 2320 409 2379 cedant.
421 2322 468 2380 Sic
484 2332 594 2395 propter
608 2325 700 2396 praelia
714 2333 792 2382 uatus

149 2414 286 2474 Hatemus
298 2415 432 2474 deformat
446 2432 533 2488 amor,
544 2419 606 2490 quia
621 2428 698 2478 tensa
707 2435 837 2494 genarum

149 2509 208 2568 Hon
219 2510 365 2582 interiectu
375 2509 405 2566 lit
415 2510 496 2567 latiur
510 2527 573 2568 area
587 2527 665 2570 uase.
800 2573 804 2579 ,

150 2600 255 2660 Caetera
277 2617 340 2675 pars
355 2611 396 2660 est
417 2603 528 2675 pulchra
544 2606 624 2674 riris3
643 2615 716 2664 stant
730 2616 840 2679 pectora
854 2620 940 2680 vasta,

151 2694 397 2767 insigneslaumeri,
413 2697 552 2754 succincta
572 2699 705 2756 subilibus
714 2700 800 2757 alsus.

151 2785 249 2845 Forum
263 2788 371 2861 quidem
390 2789 473 2861 pediti
489 2792 642 2860 mediaest,
655 2808 768 2863 procera
781 2795 829 2853 sed
844 2804 942 2867 exstat,

152 2880 181 2940 et
190 2896 288 2940 cernat
301 2881 416 2955 equites,
428 2884 467 2939 sic
480 2883 552 2956 longi
563 2899 634 2956 sape
647 2894 783 2960 putantur,

153 2973 180 3032 Si
195 2974 318 3033 sedeant.
333 2974 382 3033 via
396 2985 484 3033 matre
501 2992 599 3036 careus
615 2986 644 3035 ut
658 2980 779 3038 constitit
793 2982 892 3049 inians,

129 3097 133 3106 ·
154 3067 213 3127 Hux
227 3070 331 3142 praebet
340 3070 451 3128 dorsum
465 3073 591 3144 sonipes;
607 3086 723 3147 cognata
738 3091 816 3134 reare

992 1859 1032 1914 Tu
1046 1860 1137 1917 stabas
1150 1861 1208 1916 acie
1221 1861 1306 1929 solus,
1322 1854 1457 1931 resparsa
1476 1859 1565 1933 fugaci

992 1952 1112 2024 Expedit
1128 1952 1241 2010 duetore
1251 1968 1358 2021 manus,
1373 1961 1401 2008 te
1413 1954 1499 2011 llartc
1512 1955 1629 2024 pedestri

993 2044 1139 2101 Sudantem
1156 2043 1294 2116 repetebat
1314 2059 1417 2117 equcs;
1432 2052 1475 2101 tua
1487 2045 1562 2116 sigua
1574 2034 1682 2103 secutus

993 2135 1052 2192 Heu
1065 2151 1095 2192 se
1108 2136 1245 2193 desertum
1256 2135 1342 2192 sensit
1353 2136 1503 2192 certamine
1512 2136 1601 2192 ruiles.

1030 2232 1132 2300 luunc,
1144 2242 1170 2289 et
1184 2233 1282 2289 ueteris
1296 2231 1388 2303 proies
1402 2234 1534 2302 praecunia
1548 2231 1620 2287 Tulli

994 2324 1073 2383 AEtas
1086 2341 1152 2382 caua
1170 2335 1286 2395 patrum,
1301 2325 1375 2397 quod
1388 2324 1501 2395 puteum
1512 2312 1786 2384 lrortamine'meudat

995 2418 1118 2475 Occuluit
1131 2417 1216 2489 refugi
1227 2417 1349 2473 nutantia
1359 2416 1461 2474 loedera
1474 2417 1559 2473 Hetti.
1788 2474 1792 2479 ,

995 2508 1039 2566 Hil
1053 2509 1141 2566 simile
1156 2519 1208 2578 est,
1226 2507 1335 2579 lallique
1349 2516 1424 2564 tuum
1437 2507 1484 2563 tibi
1499 2521 1553 2563 uun
1569 2507 1657 2579 placet
1673 2507 1786 2565 bostem.

996 2602 1072 2660 Tunc
1087 2603 1151 2659 vicit
1166 2602 1253 2668 miles,
1269 2599 1334 2657 dum
1346 2616 1377 2657 se
1389 2607 1464 2672 putat
1472 2598 1705 2670 essejuvandum:

997 2695 1047 2752 Hic
1059 2695 1135 2762 aicit,
1150 2703 1291 2764 postquam
1305 2707 1335 2749 se
1348 2691 1482 2762 comperit
1495 2706 1556 2748 esse
1568 2692 1703 2748 relictum.

998 2792 1057 2848 Dux
1072 2787 1149 2860 lugit,
1165 2786 1335 2858 insequeris:
1351 2792 1464 2841 renouat
1477 2785 1635 2851 certamina,
1650 2782 1735 2839 vincis
1746 2797 1767 2848 ;¹

998 2883 1148 2952 Clauditur,
1164 2895 1317 2952 expugnem
1332 2877 1458 2945 clabitur,
1474 2877 1584 2944 obruis;
1597 2885 1678 2947 atque

998 2976 1154 3034 Sarmaticae
1167 2972 1227 3044 paci
1238 2970 1353 3042 pretium
1368 2985 1416 3026 sua
1430 2969 1524 3025 lunera
1537 2969 1625 3040 ponis.

1000 3069 1124 3137 Paretur,
1136 3066 1238 3137 iussum
1252 3062 1334 3119 subiit
1346 3062 1401 3133 jam
1421 3060 1559 3130 transfuga
1572 3059 1686 3128 lctlrum,

155 3160 275 3220 Hembra
288 3163 369 3232 viris,
382 3166 420 3222 ita
431 3179 539 3236 semper
551 3180 620 3237 equo
633 3181 682 3223 eeu
694 3166 764 3224 daus
774 3167 895 3226 adureret
960 3155 985 3219 G
1000 3160 1088 3232 Atque
1100 3157 1245 3231 peregrino
1258 3152 1356 3211 cecidit
1368 3163 1413 3208 tua
1423 3151 1532 3208 victima
1552 3149 1633 3207 serre.

122 3286 140 3305 -
155 3256 292 3314 lieston·
305 3256 484 3330 cornipedum
498 3268 573 3330 terge
586 3274 653 3331 gens
665 3260 750 3318 altera
769 3260 867 3333 fertur,

155 3348 219 3407 Haec
230 3348 346 3418 babilam
360 3358 459 3408 teretes
472 3364 562 3420 arcus,
577 3361 606 3408 et
619 3352 722 3424 spicula
736 3353 828 3423 cordi;

155 3438 300 3501 Terribiles
317 3450 453 3517 certaeque
465 3457 573 3513 manus,
586 3443 740 3518 jaculisque
757 3446 877 3506 terenda

1002 3254 1073 3312 Hecu
1088 3253 1197 3318 iterum,
1208 3247 1231 3304 si
1246 3246 1314 3303 forte
1326 3245 1425 3316 placet,
1441 3242 1555 3315 condige
1565 3251 1710 3298 uetustas·

1002 3347 1134 3407 Hannibal
1144 3346 1189 3402 ille
1201 3344 1277 3400 lerox
1292 3340 1325 3397 ad
1339 3353 1446 3412 poeuam
1460 3337 1529 3394 torte
1545 3338 1657 3409 petitus,

1002 3442 1070 3505 Etsi
1081 3456 1136 3500 nou
1151 3437 1246 3496 babuit
1258 3436 1386 3510 justitae,
1407 3433 1461 3489 line
1473 3444 1601 3501 supremo

191 3660 208 3693 ⁸
225 3650 342 3710 Hunuici
365 3651 442 3720 belli,
460 3650 533 3778 2⁰⁰⁶
556 3646 702 3704 dntbemio
726 3648 796 3707 duee
819 3648 950 3707 adversus
1004 3646 1092 3706 dicam
1107 3643 1213 3710 urbem,
1229 3655 1308 3712 quam
1322 3653 1337 3693 a
1352 3636 1476 3693 barbaris
1486 3643 1644 3708 occupatam
1655 3632 1798 3691 obsidium

158 3719 346 3783 Hormidacem
360 3723 393 3779 ad
409 3723 459 3780 Ser

481 3723 548 3778 icam
567 3720 594 3775 in
612 3720 690 3775 Dacia
704 3728 811 3791 gestum
826 3729 877 3789 est,
894 3736 951 3777 me·

1004 3719 1089 3776 cinxit
1106 3712 1275 3773 Anthemius.
1297 3709 1436 3766 Serdicam
1452 3706 1584 3762 Eusebius
1604 3707 1631 3761 in
1652 3704 1795 3771 Cirrunieo,

146 3795 244 3853 moria
257 3794 346 3853 omnis
359 3796 428 3866 apnd
441 3795 509 3850 alins
527 3799 651 3848 auctores
670 3791 784 3847 interiit.
810 3790 951 3847 Falluntur
1005 3787 1157 3854 itineraria,
1176 3792 1204 3841 et
1219 3781 1314 3907 egredi
1331 3779 1446 3833 dicens·
1465 3777 1689 3847 subscriptiones,
1710 3775 1797 3832 Dacia

158 3866 230 3924 enlm
244 3865 291 3939 qui
303 3881 366 3922 cum
374 3862 588 3935 CareloSiguniu
597 3861 697 3918 bellurn
709 3863 761 3918 buc
773 3876 834 3919 esse
844 3872 948 3933 putant,

1005 3860 1099 3916 urbem
1119 3872 1181 3913 cum
1201 3855 1229 3910 Si
1250 3852 1313 3907 enin
1336 3849 1438 3904 iaciunt
1453 3863 1461 3903 :
1479 3847 1606 3902 Socrates
1627 3855 1655 3902 et
1676 3844 1798 3901 Hermiae

160 3937 187 3994 la
214 3952 269 4010 quo
291 3936 457 4022 §numicius
476 3934 615 4016 magister·
635 3933 749 3989 militum
780 3949 841 3989 eum
870 3934 950 4017 dttiln
1006 3914 1801 4048 Sexumeni,aliidesyuuduSle'rdIiecsnseimaqguffi,lellllysriici

160 4003 953 4141 nnetrtlnrdnsrrntranilandus
1006 3996 1487 4141 ιἰιιειιιιιιιιι
1619 4030 1718 4122 n...

161 4148 204 4208 bie
219 4151 261 4222 agi
280 4149 309 4206 in
323 4164 376 4220 quo
394 4148 448 4204 dux
466 4147 584 4203 bostium
606 4145 761 4211 Hormidac,
777 4161 831 4202 uon
851 4145 950 4211 Attila3

161 4221 288 4294 magister
308 4220 424 4276 militum
438 4217 609 4284 ludecanius,
625 4231 678 4272 non
700 4217 877 4286 drnegislusl
892 4217 952 4272 Dis·

1008 4152 1060 4198 tote
1080 4141 1198 4198 Serdica.
1223 4136 1289 4204 Qum
1309 4132 1418 4204 quidem
1441 4143 1503 4185 uera
1522 4139 1584 4184 sunt
1607 4126 1718 4192 omnia,
1737 4125 1801 4196 quia

1008 4213 1087 4270 Dacia
1103 4210 1191 4280 magni
1207 4206 1305 4276 lllyrici
1321 4220 1382 4271 pars
1397 4201 1456 4269 luit,
1473 4208 1503 4254 ut
1515 4199 1619 4255 dicetur
1639 4198 1672 4253 ad
1686 4211 1802 4269 panegy-

162 4299 274 4363 crepant
295 4292 376 4348 etiam
394 4300 527 4358 tempora.
547 4287 614 4343 Ham
627 4288 785 4359 druegislus
800 4287 954 4344 Theodosio
1007 4287 1092 4342 rieum
1113 4279 1278 4352 Hajoriaui:
1305 4276 1376 4332 uude
1403 4281 1431 4328 et
1450 4271 1591 4327 Serdicam
1616 4268 1803 4326 Tbeodoretua

163 4363 270 4420 virente
280 4361 424 4428 occubuit,
438 4359 559 4431 Callepio
579 4368 608 4414 et
620 4357 762 4415 Ardaburc
778 4358 934 4416 consulibus
946 4375 954 4424 3

1008 4355 1162 4433 μητρόπολιν
1183 4357 1262 4405 vocal
1284 4352 1374 4407 Δακίας
1387 4347 1411 4400 la
1423 4343 1564 4417 Ἰλλυριοῖς.
1587 4341 1675 4396 Daciae
1696 4354 1803 4396 rursum

163 4434 324 4492 Anthemius
334 4446 399 4489 tero
409 4432 511 4501 Leone,
527 4439 556 4486 ut
570 4429 671 4486 dietum
686 4443 739 4500 est,
756 4439 886 4502 regnante
899 4429 958 4484 baec
1007 4429 1135 4483 attributa
1151 4422 1201 4479 luit
1220 4435 1267 4475 ora
1283 4416 1415 4480 Tlrracim,
1433 4429 1483 4484 qua
1502 4412 1613 4469 Serdica
1634 4411 1698 4467 olim
1718 4412 1805 4466 conti·

162 4506 255 4578 gessit.

1007 4504 1132 4555 uebatur.
1166 4492 1269 4559 Duplex
1286 4491 1356 4545 enim
1375 4488 1423 4543 luit
1450 4483 1528 4540 Dacia
1550 4482 1696 4555 pruvincia.
1718 4482 1831 4545 Vetus,

196 4575 211 4616 l
240 4574 428 4647 Comparanda
459 4573 518 4630 hac
547 4575 704 4632 Hunnorum
730 4571 958 4644 prosopograpbia
1009 4568 1128 4637 Traiani,
1141 4575 1215 4622 trans
1230 4559 1445 4624 lstrum;altera
1456 4555 1603 4622 Aureliani,
1620 4568 1700 4624 quarn
1715 4555 1805 4621 priora

163 4661 224 4705 mm
237 4647 345 4732 litvquae
356 4646 390 4701 de
404 4646 578 4730 illiusgeutis
589 4645 704 4716 origine,
716 4644 813 4729 lorma,
824 4645 958 4724 moribus·
971 4673 1000 4736 D

164 4733 215 4791 que
229 4718 355 4774 scrtbunt
373 4715 544 4773 Harcelltnus
558 4717 606 4774 lrb.
623 4732 689 4783 xxx,
710 4715 835 4771 Zosimus
856 4715 901 4770 bb.
920 4729 957 4782 xv,

164 4799 190 4846 et
203 4789 326 4846 omniurn
342 4788 544 4845 accuratissime
561 4786 712 4844 lornandes
730 4802 765 4842 ex
780 4786 874 4843 Prisco
896 4784 960 4840 rbe-

1014 4641 1113 4697 0missa
1136 4633 1270 4693 reuocatis
1287 4631 1327 4687 cis
1342 4633 1438 4686 istrum
1458 4625 1599 4692 militibus,
1619 4625 1646 4679 in
1666 4623 1805 4694 utriusque

1013 4712 1114 4770 Hoesitu
1129 4719 1155 4764 et
1170 4704 1292 4761 lbracim
1304 4702 1401 4756 linibus
1415 4697 1555 4754 coustituit
1569 4714 1575 4750 :
1592 4712 1652 4766 qum
1663 4695 1718 4751 sola
1730 4693 1808 4750 deiu-

1013 4797 1077 4853 ceps
1088 4778 1221 4851 appellum
1232 4782 1275 4829 est
1285 4772 1375 4827 Dacia.
1390 4769 1444 4825 Sed
1460 4768 1530 4824 lranc
1545 4783 1625 4836 porro
1637 4768 1662 4821 in
1682 4765 1749 4822 duas
1764 4765 1803 4820 di·

164 4868 232 4933 tore‚
256 4857 403 4916 'l'lrendosii
425 4858 458 4915 ad
482 4859 592 4914 Attilam
613 4858 712 4929 legato.
733 4856 864 4929 Pleraque
887 4856 958 4913 enim
1016 4854 1101 4909 visam
1118 4864 1151 4905 cx
1165 4845 1270 4917 imperii
1285 4843 1382 4898 Neritia
1397 4840 1499 4910 liquet:
1515 4838 1670 4908 llipensem,
1685 4852 1746 4907 quoe
1760 4850 1805 4905 per

164 4942 226 4988 taut
239 4929 344 4988 Sidonii
363 4929 453 4986 serbis
472 4929 621 4986 simillima.

200 5013 212 5043 ι
229 5000 350 5058 Pessime
362 5009 440 5058 antea
456 5000 567 5071 vulgati.
585 4997 638 5058 Sed
652 4998 777 5069 deduius
795 4999 851 5055 loci
868 5012 961 5054 emcn-

154 5071 342 5144 mauruncium
356 5072 448 5129 monui
463 5072 496 5127 ad
510 5073 674 5144 epigramma
688 5069 723 5126 91
739 5069 862 5126 Ennudii.
879 5069 956 5137 Alias,

161 5142 267 5216 lnquit,
282 5153 377 5213 gemes
394 5142 471 5212 equis
488 5143 601 5199 subinde
616 5141 654 5197 uli
677 5141 775 5208 solent,
791 5141 849 5196 bac
863 5140 889 5196 lu
904 5140 958 5196 illis

145 5212 279 5272 labitur.
294 5213 370 5270 Adeo
381 5215 453 5270 enim
471 5213 497 5269 in
509 5215 586 5286 equis
599 5211 699 5270 assidui
721 5219 799 5268 erant
813 5211 914 5279 Hunni,
931 5219 960 5267 ut

138 5286 271 5359 pedites
284 5299 422 5355 nunquam
441 5293 626 5344 cernerentur.
651 5284 774 5340 Zosimus
792 5297 872 5353 supra
886 5300 892 5336 :
905 5286 961 5337 Ἐπὶ

126 5365 216 5415 ‘edat
224 5360 312 5413 ἳππων
322 5361 362 5412 καὶ
373 5355 532 5428 διαιτώμενοι
542 5361 583 5412 καὶ
589 5355 760 5418 καθεύδοντες.
773 5352 958 5409 Marcellinus:

140 5425 248 5501 Equis
260 5443 341 5511 prope
353 5427 424 5498 affixi
436 5427 581 5499 funguntur
601 5425 751 5482 narrneribur
766 5426 905 5480 consuetis.
927 5423 961 5478 ln

1014 4922 1157 4997 praesidem
1173 4909 1664 4993 regebatur;etllediterraueam,in
1698 4922 1731 4992 ua
1745 4907 1804 4964 Ser·
1859 4989 1862 4992 ι

1016 4997 1153 5064 diemque
1167 5006 1215 5061 per
1229 4986 1410 5043 consularem.
1424 4982 1550 5039 l‘aulmus
1560 4981 1593 5037 de
1603 4980 1677 5037 obitu
1715 4987 1805 5036 rectae.

1106 5127 1137 5177 lit
1147 5124 1216 5176 Getae
1228 5123 1337 5181 currunt,
1351 5127 1376 5169 et
1384 5122 1441 5168 uter
1459 5128 1493 5168 ue
1504 5117 1594 5178 Dacus,

1109 5189 1154 5247 oui
1163 5185 1220 5236 colit
1231 5189 1306 5234 terrae
1318 5180 1399 5232 medio
1421 5131 1462 5230 red
1474 5175 1515 5230 ille

1106 5250 1194 5302 Divitis
1204 5246 1281 5295 multo
1293 5246 1356 5294 linae
1369 5219 1491 5306 pelicatus

1202 5305 1289 5359 Accola
1302 5307 1371 5369 ripae.

1055 5429 1067 5458 ⁰
1087 5419 1126 5474 De
1142 5413 1280 5485 transfuga
1298 5410 1373 5467 sucin
1385 5408 1532 5477 llutbemii,
1549 5407 1595 5480 qui
1609 5406 1643 5464 ad
1659 5406 1769 5463 Hunnos
1783 5403 1811 5461 in

134 5494 229 5572 {pais
249 5514 332 5569 qanta
353 5499 379 5552 in
400 5497 448 5551 bac
462 5501 565 5553 rectione
583 5513 680 5568 pernox
698 5505 722 5553 et
742 5496 847 5565 perdius
866 5496 925 5550 enuit
938 5503 962 5549 et
1015 5492 1074 5565 ipsa
1086 5485 1294 5560 pugnadeiecit,
1311 5483 1338 5539 in
1361 5491 1431 5537 tanta
1456 5479 1528 5536 illius
1549 5478 1635 5534 aetatis
1650 5481 1812 5546 scriptorum

133 5569 262 5639 tenete,
275 5569 411 5640 cibumque
425 5570 501 5624 sumit
517 5577 540 5622 et
555 5580 663 5639 putam:
678 5578 701 5623 et
715 5567 855 5623 inclinatur
871 5566 962 5621 ceruici

147 5653 202 5693 «aa
221 5640 400 5705 calciamenti
414 5642 441 5694 br
453 5641 534 5695 altum
545 5656 663 5710 soporem
673 5640 707 5694 od
724 5655 802 5711 utque
814 5638 963 5693 uarietatem

150 5724 186 5766 e
205 5711 314 5766 auditur
327 5712 496 5766 torrendorum.

205 5779 296 5842 chHi
310 5795 402 5837 aream
418 5782 446 5837 in
457 5782 536 5838 Dacia
549 5782 634 5842 luisse
645 5782 763 5842 ostendit
773 5779 970 5859 luadSet-

310 5874 450 5943 Pareat..
469 5873 586 5942 aiut.

1037 5562 1152 5617 aucitatc
1168 5557 1233 5614 nibil
1248 5555 1387 5610 babemus.
1402 5552 1442 5612 Hx
1457 5551 1568 5608 Sidonio
1578 5554 1684 5604 cunstat
1697 5547 1732 5602 ab
1748 5548 1812 5617 ipsit

1017 5580 1139 5691 Barbaris
1155 5645 1187 5685 ex
1205 5627 1278 5694 praeis
1296 5625 1397 5684 loederc
1416 5637 1515 5679 caesum
1535 5618 1628 5674 luisse.
1656 5617 1719 5673 ldeu
1740 5619 1814 5675 enim

1020 5718 1082 5761 cum
1095 5699 1245 5759 Hannibale
1259 5697 1377 5766 confert,
1395 5696 1440 5763 qui
1454 5691 1582 5749 Humanis
1603 5705 1617 5743 a
1635 5686 1731 5745 l‘rusia
1752 5706 1814 5759 repe

1020 5774 1160 5839 dedendus
1174 5779 1244 5844 erat,
1255 5769 1309 5829 uisi
1323 5780 1427 5829 ueneno
1440 5761 1600 5846 supplicium
1613 5761 1815 5823 urrterurtism.

1655 5851 1700 5929 11
