<?xml version="1.0" encoding="UTF-8"?>
<!DOCTYPE html PUBLIC "-//W3C//DTD XHTML 1.0 Transitional//EN"
    "http://www.w3.org/TR/xhtml1/DTD/xhtml1-transitional.dtd">
<html xmlns="http://www.w3.org/1999/xhtml" xml:lang="en" lang="en">
 <head>
  <title>
</title>
<meta http-equiv="Content-Type" content="text/html;charset=utf-8" />
  <meta name='ocr-system' content='tesseract 3.04.00' />
  <meta name='ocr-capabilities' content='ocr_page ocr_carea ocr_par ocr_line ocrx_word'/>
</head>
<body>
  <div class='ocr_page' id='page_1' title='image "./patrologiaecurs99unkngoog_0248.png"; bbox 0 0 3810 6254; ppageno 0'>
   <div class='ocr_carea' id='block_1_1' title="bbox 166 278 1817 386">
    <p class='ocr_par' dir='ltr' id='par_1_1' title="bbox 166 278 1817 386">
     <span class='ocr_line' id='line_1_1' title="bbox 166 278 1817 386; baseline 0.045 -45"><span class='ocrx_word' id='word_1_1' title='bbox 166 278 228 384; x_wconf 50' lang='lat'>3403</span> <span class='ocrx_word' id='word_1_2' title='bbox 677 345 680 351; x_wconf 39' lang='grc' dir='ltr'>ι</span> <span class='ocrx_word' id='word_1_3' title='bbox 802 314 1042 377; x_wconf 79' lang='lat' dir='ltr'>eulsuohsttllh</span> <span class='ocrx_word' id='word_1_4' title='bbox 1062 320 1127 380; x_wconf 76' lang='lat' dir='ltr'>itu.</span> <span class='ocrx_word' id='word_1_5' title='bbox 1150 324 1194 381; x_wconf 88' lang='lat' dir='ltr'>hl.</span> <span class='ocrx_word' id='word_1_6' title='bbox 1762 323 1817 386; x_wconf 61' lang='lat' dir='ltr'><strong><em>m</em></strong></span> 
     </span>
    </p>
   </div>
   <div class='ocr_carea' id='block_1_2' title="bbox 95 420 1867 5153">
    <p class='ocr_par' dir='ltr' id='par_1_2' title="bbox 95 420 1894 5153">
     <span class='ocr_line' id='line_1_2' title="bbox 179 420 1816 514; baseline -0.002 -12"><span class='ocrx_word' id='word_1_7' title='bbox 179 448 274 502; x_wconf 78' lang='lat' dir='ltr'>auem</span> <span class='ocrx_word' id='word_1_8' title='bbox 295 437 469 497; x_wconf 89' lang='lat' dir='ltr'>contubernia</span> <span class='ocrx_word' id='word_1_9' title='bbox 493 435 562 510; x_wconf 75' lang='lat' dir='ltr'>fugis</span> <span class='ocrx_word' id='word_1_10' title='bbox 582 434 796 508; x_wconf 72' lang='lat' dir='ltr'>impudicorum:</span> <span class='ocrx_word' id='word_1_11' title='bbox 819 435 968 504; x_wconf 79' lang='lat' dir='ltr'>presertim</span> <span class='ocrx_word' id='word_1_12' title='bbox 982 420 1008 500; x_wconf 73' lang='grc' dir='ltr'><strong>Ἀ</strong></span> <span class='ocrx_word' id='word_1_13' title='bbox 1023 441 1142 498; x_wconf 81' lang='lat' dir='ltr'>uerrucis</span> <span class='ocrx_word' id='word_1_14' title='bbox 1177 456 1224 512; x_wconf 89' lang='lat' dir='ltr'>per</span> <span class='ocrx_word' id='word_1_15' title='bbox 1252 444 1399 514; x_wconf 72' lang='lat' dir='ltr'>marginem</span> <span class='ocrx_word' id='word_1_16' title='bbox 1426 441 1538 499; x_wconf 87' lang='lat' dir='ltr'>curvum</span> <span class='ocrx_word' id='word_1_17' title='bbox 1566 439 1816 513; x_wconf 85' lang='lat' dir='ltr'>protuberantibus.</span> 
     </span>
     <span class='ocr_line' id='line_1_3' title="bbox 169 529 1815 613; baseline -0.003 -19"><span class='ocrx_word' id='word_1_18' title='bbox 169 539 275 613; x_wconf 16' lang='lat' dir='ltr'>‘quibus</span> <span class='ocrx_word' id='word_1_19' title='bbox 300 534 364 593; x_wconf 87' lang='lat' dir='ltr'>srihil</span> <span class='ocrx_word' id='word_1_20' title='bbox 385 534 482 604; x_wconf 86' lang='lat' dir='ltr'>pensi,</span> <span class='ocrx_word' id='word_1_21' title='bbox 502 531 568 588; x_wconf 93' lang='lat' dir='ltr'>nihil</span> <span class='ocrx_word' id='word_1_22' title='bbox 583 531 667 588; x_wconf 87' lang='lat' dir='ltr'>sancti</span> <span class='ocrx_word' id='word_1_23' title='bbox 681 539 743 598; x_wconf 87' lang='lat' dir='ltr'>est,</span> <span class='ocrx_word' id='word_1_24' title='bbox 759 531 786 586; x_wconf 92' lang='lat' dir='ltr'>in</span> <span class='ocrx_word' id='word_1_25' title='bbox 808 529 972 603; x_wconf 86' lang='lat' dir='ltr'>appetendis</span> <span class='ocrx_word' id='word_1_26' title='bbox 1025 532 1117 589; x_wconf 84' lang='lat' dir='ltr'>Portet</span> <span class='ocrx_word' id='word_1_27' title='bbox 1131 542 1158 590; x_wconf 92' lang='lat' dir='ltr'>et</span> <span class='ocrx_word' id='word_1_28' title='bbox 1171 547 1275 600; x_wconf 85' lang='lat' dir='ltr'>nasum,</span> <span class='ocrx_word' id='word_1_29' title='bbox 1290 532 1333 604; x_wconf 86' lang='lat' dir='ltr'>qui</span> <span class='ocrx_word' id='word_1_30' title='bbox 1346 549 1407 589; x_wconf 90' lang='lat' dir='ltr'>cum</span> <span class='ocrx_word' id='word_1_31' title='bbox 1423 537 1458 589; x_wconf 88' lang='lat' dir='ltr'>sit</span> <span class='ocrx_word' id='word_1_32' title='bbox 1473 532 1614 605; x_wconf 86' lang='lat' dir='ltr'>amplusin</span> <span class='ocrx_word' id='word_1_33' title='bbox 1629 531 1815 602; x_wconf 66' lang='lat' dir='ltr'>foraminibus,</span> 
     </span>
     <span class='ocr_line' id='line_1_4' title="bbox 179 621 1818 706; baseline -0.003 -17"><span class='ocrx_word' id='word_1_34' title='bbox 179 629 383 706; x_wconf 71' lang='lat' dir='ltr'>garriendisque</span> <span class='ocrx_word' id='word_1_35' title='bbox 404 623 615 697; x_wconf 75' lang='lat' dir='ltr'>turpitudinibus</span> <span class='ocrx_word' id='word_1_36' title='bbox 639 642 645 677; x_wconf 94' lang='lat'><strong>:</strong></span> <span class='ocrx_word' id='word_1_37' title='bbox 664 622 764 694; x_wconf 89' lang='lat' dir='ltr'>quique</span> <span class='ocrx_word' id='word_1_38' title='bbox 786 621 857 693; x_wconf 88' lang='lat' dir='ltr'>quod</span> <span class='ocrx_word' id='word_1_39' title='bbox 882 621 973 678; x_wconf 82' lang='lat' dir='ltr'>serbis</span> <span class='ocrx_word' id='word_1_40' title='bbox 1024 635 1050 682; x_wconf 90' lang='lat' dir='ltr'>et</span> <span class='ocrx_word' id='word_1_41' title='bbox 1067 627 1176 683; x_wconf 86' lang='lat' dir='ltr'>strictus</span> <span class='ocrx_word' id='word_1_42' title='bbox 1197 627 1324 697; x_wconf 84' lang='lat' dir='ltr'>inspius,</span> <span class='ocrx_word' id='word_1_43' title='bbox 1341 628 1381 684; x_wconf 91' lang='lat' dir='ltr'>sic</span> <span class='ocrx_word' id='word_1_44' title='bbox 1406 629 1519 697; x_wconf 86' lang='lat' dir='ltr'>patescit</span> <span class='ocrx_word' id='word_1_45' title='bbox 1534 625 1640 684; x_wconf 89' lang='lat' dir='ltr'>horrori</span> <span class='ocrx_word' id='word_1_46' title='bbox 1652 666 1661 693; x_wconf 90' lang='lat'>,</span> <span class='ocrx_word' id='word_1_47' title='bbox 1674 624 1748 699; x_wconf 85' lang='lat' dir='ltr'>qnod</span> <span class='ocrx_word' id='word_1_48' title='bbox 1766 636 1818 684; x_wconf 82' lang='lat' dir='ltr'>an-</span> 
     </span>
     <span class='ocr_line' id='line_1_5' title="bbox 180 716 1827 799; baseline -0.004 -16"><span class='ocrx_word' id='word_1_49' title='bbox 180 722 369 783; x_wconf 80' lang='lat' dir='ltr'>ius-erecundis</span> <span class='ocrx_word' id='word_1_50' title='bbox 392 720 496 776; x_wconf 92' lang='lat' dir='ltr'>aurium</span> <span class='ocrx_word' id='word_1_51' title='bbox 512 716 679 790; x_wconf 90' lang='lat' dir='ltr'>publicarum</span> <span class='ocrx_word' id='word_1_52' title='bbox 693 717 871 773; x_wconf 82' lang='lat' dir='ltr'>reverentiam</span> <span class='ocrx_word' id='word_1_53' title='bbox 892 717 973 773; x_wconf 90' lang='lat' dir='ltr'>iuce-</span> <span class='ocrx_word' id='word_1_54' title='bbox 1024 727 1148 788; x_wconf 73' lang='lat' dir='ltr'>gustatur</span> <span class='ocrx_word' id='word_1_55' title='bbox 1164 717 1284 774; x_wconf 92' lang='lat' dir='ltr'>olfactui.</span> <span class='ocrx_word' id='word_1_56' title='bbox 1305 717 1451 775; x_wconf 80' lang='lat' dir='ltr'>Pretendit</span> <span class='ocrx_word' id='word_1_57' title='bbox 1470 735 1502 776; x_wconf 87' lang='lat' dir='ltr'>os</span> <span class='ocrx_word' id='word_1_58' title='bbox 1522 721 1605 777; x_wconf 88' lang='lat' dir='ltr'>etiam</span> <span class='ocrx_word' id='word_1_59' title='bbox 1623 717 1706 777; x_wconf 83' lang='lat' dir='ltr'>labris</span> <span class='ocrx_word' id='word_1_60' title='bbox 1727 717 1827 799; x_wconf 42' lang='lat' dir='ltr'>plutas·</span> 
     </span>
     <span class='ocr_line' id='line_1_6' title="bbox 179 805 1818 891; baseline -0.005 -13"><span class='ocrx_word' id='word_1_61' title='bbox 179 829 266 888; x_wconf 90' lang='lat' dir='ltr'>stant,</span> <span class='ocrx_word' id='word_1_62' title='bbox 290 815 428 891; x_wconf 76' lang='lat' dir='ltr'>granditer</span> <span class='ocrx_word' id='word_1_63' title='bbox 450 812 502 869; x_wconf 91' lang='lat' dir='ltr'>sibi</span> <span class='ocrx_word' id='word_1_64' title='bbox 524 812 650 868; x_wconf 86' lang='lat' dir='ltr'>videntur</span> <span class='ocrx_word' id='word_1_65' title='bbox 663 809 805 866; x_wconf 84' lang='lat' dir='ltr'>facetiari:</span> <span class='ocrx_word' id='word_1_66' title='bbox 828 809 883 882; x_wconf 73' lang='lat'>79</span> <span class='ocrx_word' id='word_1_67' title='bbox 895 807 972 878; x_wconf 82' lang='lat' dir='ltr'>cujus</span> <span class='ocrx_word' id='word_1_68' title='bbox 1015 805 1118 879; x_wconf 85' lang='lat' dir='ltr'>bento,</span> <span class='ocrx_word' id='word_1_69' title='bbox 1134 811 1202 866; x_wconf 90' lang='lat' dir='ltr'>rictu</span> <span class='ocrx_word' id='word_1_70' title='bbox 1219 810 1350 879; x_wconf 83' lang='lat' dir='ltr'>ferinum,</span> <span class='ocrx_word' id='word_1_71' title='bbox 1363 811 1477 883; x_wconf 80' lang='lat' dir='ltr'>qinqivis</span> <span class='ocrx_word' id='word_1_72' title='bbox 1489 813 1677 884; x_wconf 87' lang='lat' dir='ltr'>purulentum,</span> <span class='ocrx_word' id='word_1_73' title='bbox 1690 809 1818 870; x_wconf 71' lang='lat' dir='ltr'>dendbus</span> 
     </span>
     <span class='ocr_line' id='line_1_7' title="bbox 181 902 1818 980; baseline -0.005 -9"><span class='ocrx_word' id='word_1_74' title='bbox 181 913 291 971; x_wconf 88' lang='lat' dir='ltr'>vilitatis</span> <span class='ocrx_word' id='word_1_75' title='bbox 308 925 368 969; x_wconf 86' lang='lat' dir='ltr'>ease</span> <span class='ocrx_word' id='word_1_76' title='bbox 388 906 546 980; x_wconf 75' lang='lat' dir='ltr'>signiferum</span> <span class='ocrx_word' id='word_1_77' title='bbox 569 905 733 976; x_wconf 74' lang='lat' dir='ltr'><strong>gnathonem</strong></span> <span class='ocrx_word' id='word_1_78' title='bbox 755 902 848 973; x_wconf 80' lang='lat' dir='ltr'>patrie</span> <span class='ocrx_word' id='word_1_79' title='bbox 872 908 973 957; x_wconf 84' lang='lat' dir='ltr'>nostrae</span> <span class='ocrx_word' id='word_1_80' title='bbox 1026 903 1158 969; x_wconf 85' lang='lat' dir='ltr'>buxeum;</span> <span class='ocrx_word' id='word_1_81' title='bbox 1182 902 1253 974; x_wconf 92' lang='lat' dir='ltr'>quod</span> <span class='ocrx_word' id='word_1_82' title='bbox 1270 913 1379 974; x_wconf 89' lang='lat' dir='ltr'>spurcat</span> <span class='ocrx_word' id='word_1_83' title='bbox 1393 905 1546 976; x_wconf 88' lang='lat' dir='ltr'>frequenter</span> <span class='ocrx_word' id='word_1_84' title='bbox 1558 904 1730 964; x_wconf 88' lang='lat' dir='ltr'>exhalatuse</span> <span class='ocrx_word' id='word_1_85' title='bbox 1750 916 1818 963; x_wconf 82' lang='lat' dir='ltr'>eon·</span> 
     </span>
     <span class='ocr_line' id='line_1_8' title="bbox 180 993 1817 1072; baseline -0.004 -7"><span class='ocrx_word' id='word_1_86' title='bbox 180 1011 223 1065; x_wconf 85' lang='lat' dir='ltr'>sel</span> <span class='ocrx_word' id='word_1_87' title='bbox 247 1005 393 1063; x_wconf 91' lang='lat' dir='ltr'>masimuru</span> <span class='ocrx_word' id='word_1_88' title='bbox 416 999 545 1070; x_wconf 76' lang='lat' dir='ltr'>intellige.</span> <span class='ocrx_word' id='word_1_89' title='bbox 573 996 621 1053; x_wconf 84' lang='lat' dir='ltr'>list</span> <span class='ocrx_word' id='word_1_90' title='bbox 651 996 723 1053; x_wconf 86' lang='lat' dir='ltr'>enim</span> <span class='ocrx_word' id='word_1_91' title='bbox 754 995 797 1050; x_wconf 89' lang='lat' dir='ltr'>hic</span> <span class='ocrx_word' id='word_1_92' title='bbox 820 1007 917 1064; x_wconf 72' lang='lat' dir='ltr'>purges</span> <span class='ocrx_word' id='word_1_93' title='bbox 939 993 974 1048; x_wconf 91' lang='lat' dir='ltr'>de</span> <span class='ocrx_word' id='word_1_94' title='bbox 1026 1007 1092 1049; x_wconf 86' lang='lat' dir='ltr'>caro</span> <span class='ocrx_word' id='word_1_95' title='bbox 1107 995 1249 1051; x_wconf 87' lang='lat' dir='ltr'>molarium</span> <span class='ocrx_word' id='word_1_96' title='bbox 1264 996 1537 1065; x_wconf 73' lang='lat' dir='ltr'>computrescentium</span> <span class='ocrx_word' id='word_1_97' title='bbox 1559 998 1719 1068; x_wconf 75' lang='lat' dir='ltr'>mephiticus</span> <span class='ocrx_word' id='word_1_98' title='bbox 1736 1000 1817 1072; x_wconf 88' lang='lat' dir='ltr'>odor,</span> 
     </span>
     <span class='ocr_line' id='line_1_9' title="bbox 180 1085 1818 1163; baseline -0.004 -5"><span class='ocrx_word' id='word_1_99' title='bbox 180 1098 318 1158; x_wconf 82' lang='lat' dir='ltr'>sororibus</span> <span class='ocrx_word' id='word_1_100' title='bbox 332 1091 499 1158; x_wconf 85' lang='lat' dir='ltr'>fabularum,</span> <span class='ocrx_word' id='word_1_101' title='bbox 512 1088 546 1145; x_wconf 91' lang='lat' dir='ltr'>de</span> <span class='ocrx_word' id='word_1_102' title='bbox 562 1085 800 1145; x_wconf 89' lang='lat' dir='ltr'>concinnatoribus</span> <span class='ocrx_word' id='word_1_103' title='bbox 812 1085 973 1148; x_wconf 74' lang='lat' dir='ltr'>evicturum.</span> <span class='ocrx_word' id='word_1_104' title='bbox 1026 1102 1106 1157; x_wconf 91' lang='lat' dir='ltr'>quem</span> <span class='ocrx_word' id='word_1_105' title='bbox 1133 1088 1334 1159; x_wconf 72' lang='lat' dir='ltr'>supercumulat</span> <span class='ocrx_word' id='word_1_106' title='bbox 1355 1090 1491 1147; x_wconf 83' lang='lat' dir='ltr'>esculenta</span> <span class='ocrx_word' id='word_1_107' title='bbox 1512 1092 1627 1148; x_wconf 80' lang='lat' dir='ltr'>ructatio</span> <span class='ocrx_word' id='word_1_108' title='bbox 1645 1093 1680 1150; x_wconf 89' lang='lat' dir='ltr'>dc</span> <span class='ocrx_word' id='word_1_109' title='bbox 1702 1093 1818 1163; x_wconf 89' lang='lat' dir='ltr'>dapibus</span> 
     </span>
     <span class='ocr_line' id='line_1_10' title="bbox 182 1176 1818 1255; baseline -0.003 -6"><span class='ocrx_word' id='word_1_110' title='bbox 182 1195 217 1250; x_wconf 89' lang='lat' dir='ltr'>de</span> <span class='ocrx_word' id='word_1_111' title='bbox 242 1190 412 1248; x_wconf 86' lang='lat' dir='ltr'>sinistrarum</span> <span class='ocrx_word' id='word_1_112' title='bbox 438 1181 594 1255; x_wconf 82' lang='lat' dir='ltr'>opinionum</span> <span class='ocrx_word' id='word_1_113' title='bbox 620 1177 848 1249; x_wconf 87' lang='lat' dir='ltr'>duplicatoribus;</span> <span class='ocrx_word' id='word_1_114' title='bbox 877 1176 975 1246; x_wconf 87' lang='lat' dir='ltr'>loquax</span> <span class='ocrx_word' id='word_1_115' title='bbox 1027 1179 1161 1237; x_wconf 78' lang='lat' dir='ltr'>hesternis</span> <span class='ocrx_word' id='word_1_116' title='bbox 1187 1190 1215 1239; x_wconf 94' lang='lat' dir='ltr'>et</span> <span class='ocrx_word' id='word_1_117' title='bbox 1227 1181 1432 1240; x_wconf 87' lang='lat' dir='ltr'>redundantium</span> <span class='ocrx_word' id='word_1_118' title='bbox 1455 1183 1560 1240; x_wconf 88' lang='lat' dir='ltr'>sentina</span> <span class='ocrx_word' id='word_1_119' title='bbox 1581 1199 1729 1242; x_wconf 83' lang='lat' dir='ltr'>coeuerum.</span> <span class='ocrx_word' id='word_1_120' title='bbox 1753 1186 1818 1244; x_wconf 77' lang='lat' dir='ltr'>Pro·</span> 
     </span>
     <span class='ocr_line' id='line_1_11' title="bbox 182 1262 1864 1361; baseline -0.007 -14"><span class='ocrx_word' id='word_1_121' title='bbox 182 1291 253 1361; x_wconf 89' lang='lat' dir='ltr'>ipse,</span> <span class='ocrx_word' id='word_1_122' title='bbox 272 1299 324 1343; x_wconf 91' lang='lat' dir='ltr'>uec</span> <span class='ocrx_word' id='word_1_123' title='bbox 342 1283 430 1347; x_wconf 87' lang='lat' dir='ltr'>dicax,</span> <span class='ocrx_word' id='word_1_124' title='bbox 447 1277 640 1348; x_wconf 76' lang='lat' dir='ltr'>ridiculusque,</span> <span class='ocrx_word' id='word_1_125' title='bbox 658 1273 811 1338; x_wconf 78' lang='lat' dir='ltr'>oculatus,</span> <span class='ocrx_word' id='word_1_126' title='bbox 833 1286 975 1343; x_wconf 84' lang='lat' dir='ltr'>arroqans·</span> <span class='ocrx_word' id='word_1_127' title='bbox 1028 1273 1077 1329; x_wconf 90' lang='lat' dir='ltr'>mit</span> <span class='ocrx_word' id='word_1_128' title='bbox 1088 1281 1116 1330; x_wconf 86' lang='lat' dir='ltr'>et</span> <span class='ocrx_word' id='word_1_129' title='bbox 1128 1272 1262 1341; x_wconf 86' lang='lat' dir='ltr'>frontem,</span> <span class='ocrx_word' id='word_1_130' title='bbox 1277 1289 1338 1346; x_wconf 73' lang='lat' dir='ltr'>quse</span> <span class='ocrx_word' id='word_1_131' title='bbox 1358 1273 1508 1333; x_wconf 87' lang='lat' dir='ltr'>foedissimo</span> <span class='ocrx_word' id='word_1_132' title='bbox 1522 1285 1598 1347; x_wconf 72' lang='lat' dir='ltr'>gestu</span> <span class='ocrx_word' id='word_1_133' title='bbox 1611 1286 1698 1335; x_wconf 75' lang='lat' dir='ltr'>cirtem</span> <span class='ocrx_word' id='word_1_134' title='bbox 1714 1278 1817 1351; x_wconf 90' lang='lat' dir='ltr'>plicat,</span> <span class='ocrx_word' id='word_1_135' title='bbox 1848 1262 1864 1334; x_wconf 53' lang='grc' dir='ltr'>’.τ</span> 
     </span>
     <span class='ocr_line' id='line_1_12' title="bbox 181 1360 1867 1455; baseline -0.006 -17"><span class='ocrx_word' id='word_1_136' title='bbox 181 1397 253 1455; x_wconf 90' lang='lat' dir='ltr'>que,</span> <span class='ocrx_word' id='word_1_137' title='bbox 282 1393 332 1436; x_wconf 93' lang='lat' dir='ltr'>nec</span> <span class='ocrx_word' id='word_1_138' title='bbox 359 1383 503 1439; x_wconf 86' lang='lat' dir='ltr'>constans,</span> <span class='ocrx_word' id='word_1_139' title='bbox 523 1371 719 1440; x_wconf 86' lang='lat' dir='ltr'>curiosusque,</span> <span class='ocrx_word' id='word_1_140' title='bbox 743 1383 793 1424; x_wconf 91' lang='lat' dir='ltr'>nec</span> <span class='ocrx_word' id='word_1_141' title='bbox 815 1365 973 1437; x_wconf 73' lang='lat' dir='ltr'>perspicax,</span> <span class='ocrx_word' id='word_1_142' title='bbox 1027 1366 1171 1436; x_wconf 89' lang='lat' dir='ltr'>supercilia</span> <span class='ocrx_word' id='word_1_143' title='bbox 1193 1366 1333 1424; x_wconf 89' lang='lat' dir='ltr'>distendit.</span> <span class='ocrx_word' id='word_1_144' title='bbox 1347 1366 1437 1424; x_wconf 83' lang='lat' dir='ltr'>Nutrit</span> <span class='ocrx_word' id='word_1_145' title='bbox 1450 1375 1478 1424; x_wconf 92' lang='lat' dir='ltr'>et</span> <span class='ocrx_word' id='word_1_146' title='bbox 1492 1368 1614 1432; x_wconf 87' lang='lat' dir='ltr'>barbam,</span> <span class='ocrx_word' id='word_1_147' title='bbox 1629 1383 1690 1439; x_wconf 76' lang='lat' dir='ltr'>que</span> <span class='ocrx_word' id='word_1_148' title='bbox 1701 1369 1757 1439; x_wconf 82' lang='lat' dir='ltr'>ianr</span> <span class='ocrx_word' id='word_1_149' title='bbox 1776 1384 1814 1429; x_wconf 86' lang='lat' dir='ltr'>se</span> <span class='ocrx_word' id='word_1_150' title='bbox 1859 1360 1867 1407; x_wconf 49' lang='grc' dir='ltr'><em>ἵ</em></span> 
     </span>
     <span class='ocr_line' id='line_1_13' title="bbox 182 1459 1863 1545; baseline -0.004 -15"><span class='ocrx_word' id='word_1_151' title='bbox 182 1484 262 1545; x_wconf 90' lang='lat' dir='ltr'>atque</span> <span class='ocrx_word' id='word_1_152' title='bbox 286 1470 443 1527; x_wconf 85' lang='lat' dir='ltr'>indecenter</span> <span class='ocrx_word' id='word_1_153' title='bbox 461 1463 586 1522; x_wconf 84' lang='lat' dir='ltr'>allectato</span> <span class='ocrx_word' id='word_1_154' title='bbox 609 1462 723 1533; x_wconf 83' lang='lat' dir='ltr'>lepore,</span> <span class='ocrx_word' id='word_1_155' title='bbox 747 1460 807 1532; x_wconf 88' lang='lat' dir='ltr'>plus</span> <span class='ocrx_word' id='word_1_156' title='bbox 828 1459 945 1515; x_wconf 89' lang='lat' dir='ltr'>rusticus</span> <span class='ocrx_word' id='word_1_157' title='bbox 966 1474 974 1513; x_wconf 79' lang='lat' dir='ltr'>a</span> <span class='ocrx_word' id='word_1_158' title='bbox 1027 1468 1137 1518; x_wconf 87' lang='lat' dir='ltr'>nectute</span> <span class='ocrx_word' id='word_1_159' title='bbox 1149 1475 1316 1530; x_wconf 89' lang='lat' dir='ltr'>canescens,</span> <span class='ocrx_word' id='word_1_160' title='bbox 1332 1461 1362 1517; x_wconf 90' lang='lat' dir='ltr'>ht</span> <span class='ocrx_word' id='word_1_161' title='bbox 1377 1471 1466 1520; x_wconf 86' lang='lat' dir='ltr'>tamen</span> <span class='ocrx_word' id='word_1_162' title='bbox 1487 1462 1582 1519; x_wconf 90' lang='lat' dir='ltr'>morbo</span> <span class='ocrx_word' id='word_1_163' title='bbox 1597 1464 1672 1534; x_wconf 76' lang='lat' dir='ltr'>niqra</span> <span class='ocrx_word' id='word_1_164' title='bbox 1697 1464 1818 1545; x_wconf 73' lang='lat' dir='ltr'>Syllano.</span> <span class='ocrx_word' id='word_1_165' title='bbox 1854 1479 1863 1541; x_wconf 68' lang='lat'>,2</span> 
     </span>
     <span class='ocr_line' id='line_1_14' title="bbox 184 1550 1861 1636; baseline -0.005 -12"><span class='ocrx_word' id='word_1_166' title='bbox 184 1559 461 1636; x_wconf 84' lang='lat' dir='ltr'>temporapraesentia</span> <span class='ocrx_word' id='word_1_167' title='bbox 477 1556 582 1622; x_wconf 90' lang='lat' dir='ltr'>colens,</span> <span class='ocrx_word' id='word_1_168' title='bbox 598 1553 732 1628; x_wconf 84' lang='lat' dir='ltr'>praeterita</span> <span class='ocrx_word' id='word_1_169' title='bbox 747 1564 871 1621; x_wconf 88' lang='lat' dir='ltr'>carpens,</span> <span class='ocrx_word' id='word_1_170' title='bbox 886 1550 976 1605; x_wconf 90' lang='lat' dir='ltr'>lutura</span> <span class='ocrx_word' id='word_1_171' title='bbox 1025 1554 1160 1627; x_wconf 73' lang='lat' dir='ltr'>01Tota</span> <span class='ocrx_word' id='word_1_172' title='bbox 1174 1554 1455 1627; x_wconf 70' lang='lat' dir='ltr'>deniqneestmisero</span> <span class='ocrx_word' id='word_1_173' title='bbox 1471 1556 1552 1613; x_wconf 90' lang='lat' dir='ltr'>facies</span> <span class='ocrx_word' id='word_1_174' title='bbox 1567 1558 1724 1629; x_wconf 85' lang='lat' dir='ltr'>itapallida,</span> <span class='ocrx_word' id='word_1_175' title='bbox 1738 1559 1819 1623; x_wconf 90' lang='lat' dir='ltr'>veluti</span> <span class='ocrx_word' id='word_1_176' title='bbox 1858 1551 1861 1557; x_wconf 75' lang='grc'><strong>’</strong></span> 
     </span>
     <span class='ocr_line' id='line_1_15' title="bbox 183 1645 1820 1719; baseline -0.008 2"><span class='ocrx_word' id='word_1_177' title='bbox 183 1657 331 1715; x_wconf 75' lang='lat' dir='ltr'>fastidiens·</span> <span class='ocrx_word' id='word_1_178' title='bbox 352 1651 500 1719; x_wconf 71' lang='lat' dir='ltr'>mnauctr,</span> <span class='ocrx_word' id='word_1_179' title='bbox 523 1648 703 1719; x_wconf 71' lang='lat' dir='ltr'>ultusultus</span> <span class='ocrx_word' id='word_1_180' title='bbox 721 1657 783 1712; x_wconf 79' lang='lat' dir='ltr'>eu.</span> <span class='ocrx_word' id='word_1_181' title='bbox 805 1645 975 1713; x_wconf 72' lang='lat' dir='ltr'>inconfusus</span> <span class='ocrx_word' id='word_1_182' title='bbox 1029 1661 1077 1715; x_wconf 80' lang='lat' dir='ltr'>uer</span> <span class='ocrx_word' id='word_1_183' title='bbox 1091 1653 1171 1702; x_wconf 77' lang='lat' dir='ltr'>noras</span> <span class='ocrx_word' id='word_1_184' title='bbox 1184 1648 1287 1704; x_wconf 86' lang='lat' dir='ltr'>umbris</span> <span class='ocrx_word' id='word_1_185' title='bbox 1301 1648 1469 1705; x_wconf 71' lang='lat' dir='ltr'>mosrrucau</span> <span class='ocrx_word' id='word_1_186' title='bbox 1481 1648 1635 1707; x_wconf 70' lang='lat' dir='ltr'>turinum.</span> <span class='ocrx_word' id='word_1_187' title='bbox 1650 1649 1739 1707; x_wconf 76' lang='lat' dir='ltr'>taceo</span> <span class='ocrx_word' id='word_1_188' title='bbox 1757 1650 1820 1708; x_wconf 74' lang='lat' dir='ltr'>rett-</span> 
     </span>
     <span class='ocr_line' id='line_1_16' title="bbox 183 1733 1821 1823; baseline -0.011 -15"><span class='ocrx_word' id='word_1_189' title='bbox 183 1749 302 1823; x_wconf 85' lang='lat' dir='ltr'>petendi,</span> <span class='ocrx_word' id='word_1_190' title='bbox 314 1747 459 1818; x_wconf 74' lang='lat' dir='ltr'>derogator</span> <span class='ocrx_word' id='word_1_191' title='bbox 472 1741 571 1815; x_wconf 71' lang='lat' dir='ltr'>negati,</span> <span class='ocrx_word' id='word_1_192' title='bbox 586 1739 729 1796; x_wconf 78' lang='lat' dir='ltr'>aemulator</span> <span class='ocrx_word' id='word_1_193' title='bbox 738 1735 852 1807; x_wconf 82' lang='lat' dir='ltr'>accepti,</span> <span class='ocrx_word' id='word_1_194' title='bbox 862 1733 976 1791; x_wconf 88' lang='lat' dir='ltr'>callidus</span> <span class='ocrx_word' id='word_1_195' title='bbox 1012 1755 1109 1811; x_wconf 86' lang='lat' dir='ltr'>quam</span> <span class='ocrx_word' id='word_1_196' title='bbox 1124 1742 1165 1797; x_wconf 91' lang='lat' dir='ltr'>sui</span> <span class='ocrx_word' id='word_1_197' title='bbox 1181 1742 1290 1810; x_wconf 93' lang='lat' dir='ltr'>molem,</span> <span class='ocrx_word' id='word_1_198' title='bbox 1305 1743 1421 1798; x_wconf 82' lang='lat' dir='ltr'>vinctam</span> <span class='ocrx_word' id='word_1_199' title='bbox 1435 1741 1562 1815; x_wconf 74' lang='lat' dir='ltr'>podagra,</span> <span class='ocrx_word' id='word_1_200' title='bbox 1576 1741 1737 1816; x_wconf 68' lang='lat' dir='ltr'>pinguedine</span> <span class='ocrx_word' id='word_1_201' title='bbox 1746 1743 1821 1802; x_wconf 73' lang='lat' dir='ltr'>coin.</span> 
     </span>
     <span class='ocr_line' id='line_1_17' title="bbox 183 1820 1820 1911; baseline -0.002 -12"><span class='ocrx_word' id='word_1_202' title='bbox 183 1838 365 1906; x_wconf 85' lang='lat' dir='ltr'>reformandi,</span> <span class='ocrx_word' id='word_1_203' title='bbox 377 1835 507 1910; x_wconf 89' lang='lat' dir='ltr'>querulus</span> <span class='ocrx_word' id='word_1_204' title='bbox 521 1832 649 1905; x_wconf 79' lang='lat' dir='ltr'>haqiuti,</span> <span class='ocrx_word' id='word_1_205' title='bbox 663 1829 788 1903; x_wconf 75' lang='lat' dir='ltr'>garrulus</span> <span class='ocrx_word' id='word_1_206' title='bbox 801 1828 932 1893; x_wconf 76' lang='lat' dir='ltr'>retliluli;</span> <span class='ocrx_word' id='word_1_207' title='bbox 948 1834 976 1881; x_wconf 85' lang='lat' dir='ltr'>at</span> <span class='ocrx_word' id='word_1_208' title='bbox 989 1820 1014 1883; x_wconf 83' lang='lat' dir='ltr'>B</span> <span class='ocrx_word' id='word_1_209' title='bbox 1028 1843 1093 1890; x_wconf 91' lang='lat' dir='ltr'>tam.</span> <span class='ocrx_word' id='word_1_210' title='bbox 1105 1833 1194 1891; x_wconf 82' lang='lat' dir='ltr'>&#39;iaceo</span> <span class='ocrx_word' id='word_1_211' title='bbox 1207 1836 1351 1893; x_wconf 90' lang='lat' dir='ltr'>cerebrum</span> <span class='ocrx_word' id='word_1_212' title='bbox 1362 1837 1457 1894; x_wconf 87' lang='lat' dir='ltr'>crebra</span> <span class='ocrx_word' id='word_1_213' title='bbox 1468 1837 1556 1894; x_wconf 78' lang='lat' dir='ltr'>vibice</span> <span class='ocrx_word' id='word_1_214' title='bbox 1567 1848 1734 1908; x_wconf 67' lang='lat' dir='ltr'>peraratum</span> <span class='ocrx_word' id='word_1_215' title='bbox 1748 1836 1820 1911; x_wconf 86' lang='lat' dir='ltr'>quud</span> 
     </span>
     <span class='ocr_line' id='line_1_18' title="bbox 182 1919 1819 2006; baseline -0.001 -14"><span class='ocrx_word' id='word_1_216' title='bbox 182 1936 205 1992; x_wconf 87' lang='lat' dir='ltr'>si</span> <span class='ocrx_word' id='word_1_217' title='bbox 220 1932 372 2006; x_wconf 73' lang='lat' dir='ltr'>ruqattdus,</span> <span class='ocrx_word' id='word_1_218' title='bbox 392 1929 534 1986; x_wconf 68' lang='lat' dir='ltr'>simuletur</span> <span class='ocrx_word' id='word_1_219' title='bbox 551 1925 654 1999; x_wconf 66' lang='lat' dir='ltr'>bautii.</span> <span class='ocrx_word' id='word_1_220' title='bbox 674 1923 857 1980; x_wconf 85' lang='lat' dir='ltr'>dissimulator</span> <span class='ocrx_word' id='word_1_221' title='bbox 881 1919 973 1993; x_wconf 73' lang='lat' dir='ltr'>huilli,</span> <span class='ocrx_word' id='word_1_222' title='bbox 1010 1923 1121 2000; x_wconf 61' lang='lat' dir='ltr'>&#39;parum</span> <span class='ocrx_word' id='word_1_223' title='bbox 1133 1929 1247 2000; x_wconf 88' lang='lat' dir='ltr'>amplius</span> <span class='ocrx_word' id='word_1_224' title='bbox 1258 1930 1311 2002; x_wconf 75' lang='lat' dir='ltr'>tepi</span> <span class='ocrx_word' id='word_1_225' title='bbox 1323 1931 1629 2002; x_wconf 87' lang='lat' dir='ltr'>constatenpillisquam</span> <span class='ocrx_word' id='word_1_226' title='bbox 1640 1929 1819 1990; x_wconf 85' lang='lat' dir='ltr'>cicatricibus.</span> 
     </span>
     <span class='ocr_line' id='line_1_19' title="bbox 181 2016 1821 2096; baseline -0.004 -7"><span class='ocrx_word' id='word_1_227' title='bbox 181 2025 306 2084; x_wconf 77' lang='lat' dir='ltr'>venditur</span> <span class='ocrx_word' id='word_1_228' title='bbox 333 2022 465 2095; x_wconf 74' lang='lat' dir='ltr'>prestiti,</span> <span class='ocrx_word' id='word_1_229' title='bbox 493 2020 643 2092; x_wconf 58' lang='lat' dir='ltr'>publilii&amp;</span> <span class='ocrx_word' id='word_1_230' title='bbox 661 2016 777 2082; x_wconf 60' lang='lat' dir='ltr'>mulli.</span> <span class='ocrx_word' id='word_1_231' title='bbox 798 2016 976 2072; x_wconf 86' lang='lat' dir='ltr'>calumniator</span> <span class='ocrx_word' id='word_1_232' title='bbox 1027 2021 1116 2079; x_wconf 83' lang='lat' dir='ltr'>Taceo</span> <span class='ocrx_word' id='word_1_233' title='bbox 1127 2037 1182 2093; x_wconf 82' lang='lat' dir='ltr'>pre</span> <span class='ocrx_word' id='word_1_234' title='bbox 1192 2023 1324 2080; x_wconf 84' lang='lat' dir='ltr'>brevitate</span> <span class='ocrx_word' id='word_1_235' title='bbox 1335 2023 1460 2093; x_wconf 85' lang='lat' dir='ltr'>cervicis,</span> <span class='ocrx_word' id='word_1_236' title='bbox 1473 2025 1579 2096; x_wconf 91' lang='lat' dir='ltr'>occipiti</span> <span class='ocrx_word' id='word_1_237' title='bbox 1590 2025 1716 2096; x_wconf 90' lang='lat' dir='ltr'>supinato</span> <span class='ocrx_word' id='word_1_238' title='bbox 1725 2040 1821 2096; x_wconf 80' lang='lat' dir='ltr'>scapu-</span> 
     </span>
     <span class='ocr_line' id='line_1_20' title="bbox 181 2112 1821 2191; baseline -0.001 -14"><span class='ocrx_word' id='word_1_239' title='bbox 181 2123 288 2191; x_wconf 87' lang='lat' dir='ltr'>morati,</span> <span class='ocrx_word' id='word_1_240' title='bbox 303 2118 438 2175; x_wconf 89' lang='lat' dir='ltr'>inhcistor</span> <span class='ocrx_word' id='word_1_241' title='bbox 454 2115 535 2173; x_wconf 89' lang='lat' dir='ltr'>soluti</span> <span class='ocrx_word' id='word_1_242' title='bbox 551 2133 557 2168; x_wconf 91' lang='lat'>:</span> <span class='ocrx_word' id='word_1_243' title='bbox 576 2129 640 2170; x_wconf 86' lang='lat' dir='ltr'>osor</span> <span class='ocrx_word' id='word_1_244' title='bbox 651 2112 816 2183; x_wconf 78' lang='lat' dir='ltr'>ieiuniorum</span> <span class='ocrx_word' id='word_1_245' title='bbox 829 2151 837 2173; x_wconf 90' lang='lat'>.</span> <span class='ocrx_word' id='word_1_246' title='bbox 859 2116 976 2173; x_wconf 63' lang='lat' dir='ltr'>ututur</span> <span class='ocrx_word' id='word_1_247' title='bbox 1028 2115 1114 2171; x_wconf 89' lang='lat' dir='ltr'>larum</span> <span class='ocrx_word' id='word_1_248' title='bbox 1138 2114 1279 2171; x_wconf 84' lang='lat' dir='ltr'>adlraerere</span> <span class='ocrx_word' id='word_1_249' title='bbox 1292 2116 1422 2172; x_wconf 83' lang='lat' dir='ltr'>cortinis.</span> <span class='ocrx_word' id='word_1_250' title='bbox 1434 2116 1524 2173; x_wconf 79' lang='lat' dir='ltr'>faceo</span> <span class='ocrx_word' id='word_1_251' title='bbox 1536 2115 1608 2188; x_wconf 92' lang='lat' dir='ltr'>quod</span> <span class='ocrx_word' id='word_1_252' title='bbox 1621 2115 1722 2173; x_wconf 88' lang='lat' dir='ltr'>decidit</span> <span class='ocrx_word' id='word_1_253' title='bbox 1734 2116 1821 2175; x_wconf 81' lang='lat' dir='ltr'>boum</span> 
     </span>
     <span class='ocr_line' id='line_1_21' title="bbox 180 2202 1819 2286; baseline -0.012 0"><span class='ocrx_word' id='word_1_254' title='bbox 180 2202 974 2286; x_wconf 75' lang='lat' dir='ltr'>epularum31aodcbilemproferensnondebenerirente,</span> <span class='ocrx_word' id='word_1_255' title='bbox 1027 2209 1166 2276; x_wconf 85' lang='lat' dir='ltr'>humeris,</span> <span class='ocrx_word' id='word_1_256' title='bbox 1182 2209 1264 2266; x_wconf 90' lang='lat' dir='ltr'>decor</span> <span class='ocrx_word' id='word_1_257' title='bbox 1282 2209 1411 2277; x_wconf 86' lang='lat' dir='ltr'>brachiis,</span> <span class='ocrx_word' id='word_1_258' title='bbox 1427 2209 1509 2264; x_wconf 88' lang='lat' dir='ltr'>robur</span> <span class='ocrx_word' id='word_1_259' title='bbox 1525 2207 1643 2266; x_wconf 89' lang='lat' dir='ltr'>lacertis.</span> <span class='ocrx_word' id='word_1_260' title='bbox 1656 2209 1745 2267; x_wconf 83' lang='lat' dir='ltr'>&#39;l&#39;aeeo</span> <span class='ocrx_word' id='word_1_261' title='bbox 1758 2210 1819 2268; x_wconf 87' lang='lat' dir='ltr'>cbi-</span> 
     </span>
     <span class='ocr_line' id='line_1_22' title="bbox 179 2295 1819 2383; baseline -0.003 -20"><span class='ocrx_word' id='word_1_262' title='bbox 179 2305 275 2383; x_wconf 87' lang='lat' dir='ltr'>sedde</span> <span class='ocrx_word' id='word_1_263' title='bbox 296 2305 366 2361; x_wconf 90' lang='lat' dir='ltr'>bene</span> <span class='ocrx_word' id='word_1_264' title='bbox 388 2312 517 2374; x_wconf 80' lang='lat' dir='ltr'>pascente</span> <span class='ocrx_word' id='word_1_265' title='bbox 530 2299 702 2355; x_wconf 84' lang='lat' dir='ltr'>sententiam.</span> <span class='ocrx_word' id='word_1_266' title='bbox 718 2297 792 2352; x_wconf 89' lang='lat' dir='ltr'>luter</span> <span class='ocrx_word' id='word_1_267' title='bbox 807 2295 865 2350; x_wconf 72' lang='lat' dir='ltr'>itaec</span> <span class='ocrx_word' id='word_1_268' title='bbox 884 2300 974 2349; x_wconf 72' lang='lat' dir='ltr'>umen</span> <span class='ocrx_word' id='word_1_269' title='bbox 1027 2303 1147 2374; x_wconf 79' lang='lat' dir='ltr'>capricas</span> <span class='ocrx_word' id='word_1_270' title='bbox 1172 2314 1267 2357; x_wconf 90' lang='lat' dir='ltr'>manus</span> <span class='ocrx_word' id='word_1_271' title='bbox 1287 2301 1376 2357; x_wconf 90' lang='lat' dir='ltr'>unctis</span> <span class='ocrx_word' id='word_1_272' title='bbox 1398 2300 1623 2371; x_wconf 86' lang='lat' dir='ltr'>cataplasmatum</span> <span class='ocrx_word' id='word_1_273' title='bbox 1635 2302 1819 2372; x_wconf 87' lang='lat' dir='ltr'>parrrris,tan-</span> 
     </span>
     <span class='ocr_line' id='line_1_23' title="bbox 180 2386 1820 2471; baseline 0.005 -27"><span class='ocrx_word' id='word_1_274' title='bbox 180 2399 238 2471; x_wconf 65' lang='lat' dir='ltr'>ipse</span> <span class='ocrx_word' id='word_1_275' title='bbox 255 2396 440 2463; x_wconf 59' lang='lat' dir='ltr'>quinceium,</span> <span class='ocrx_word' id='word_1_276' title='bbox 454 2408 589 2465; x_wconf 86' lang='lat' dir='ltr'>quemque</span> <span class='ocrx_word' id='word_1_277' title='bbox 599 2405 653 2447; x_wconf 92' lang='lat' dir='ltr'>non</span> <span class='ocrx_word' id='word_1_278' title='bbox 669 2391 754 2461; x_wconf 86' lang='lat' dir='ltr'>puscit</span> <span class='ocrx_word' id='word_1_279' title='bbox 768 2398 822 2444; x_wconf 88' lang='lat' dir='ltr'>tarn</span> <span class='ocrx_word' id='word_1_280' title='bbox 837 2386 913 2460; x_wconf 85' lang='lat' dir='ltr'>punis</span> <span class='ocrx_word' id='word_1_281' title='bbox 927 2386 975 2444; x_wconf 84' lang='lat' dir='ltr'>bu-</span> <span class='ocrx_word' id='word_1_282' title='bbox 1026 2410 1107 2465; x_wconf 88' lang='lat' dir='ltr'>quam</span> <span class='ocrx_word' id='word_1_283' title='bbox 1120 2395 1247 2450; x_wconf 71' lang='lat' dir='ltr'>omuibus</span> <span class='ocrx_word' id='word_1_284' title='bbox 1262 2394 1409 2451; x_wconf 88' lang='lat' dir='ltr'>involutas.</span> <span class='ocrx_word' id='word_1_285' title='bbox 1424 2394 1513 2452; x_wconf 83' lang='lat' dir='ltr'>&#39;lacco</span> <span class='ocrx_word' id='word_1_286' title='bbox 1527 2395 1599 2468; x_wconf 87' lang='lat' dir='ltr'>quod</span> <span class='ocrx_word' id='word_1_287' title='bbox 1610 2396 1712 2452; x_wconf 88' lang='lat' dir='ltr'>alarum</span> <span class='ocrx_word' id='word_1_288' title='bbox 1723 2411 1820 2467; x_wconf 88' lang='lat' dir='ltr'>specu·</span> 
     </span>
     <span class='ocr_line' id='line_1_24' title="bbox 181 2479 1818 2562; baseline -0.01 0"><span class='ocrx_word' id='word_1_289' title='bbox 181 2508 230 2550; x_wconf 72' lang='lat'>⁰¹¹⁸</span> <span class='ocrx_word' id='word_1_290' title='bbox 241 2505 323 2562; x_wconf 91' lang='lat' dir='ltr'>quam</span> <span class='ocrx_word' id='word_1_291' title='bbox 338 2488 417 2561; x_wconf 66' lang='lat'>9⁸⁰¹*</span> <span class='ocrx_word' id='word_1_292' title='bbox 427 2486 532 2544; x_wconf 63' lang='lat'>²¹50¹¹⁰⁸</span> <span class='ocrx_word' id='word_1_293' title='bbox 548 2483 619 2541; x_wconf 75' lang='lat'>³¹¹⁰⁰</span> <span class='ocrx_word' id='word_1_294' title='bbox 631 2482 720 2539; x_wconf 75' lang='lat'><strong>⁸⁰¹⁰¹¹¹</strong></span> <span class='ocrx_word' id='word_1_295' title='bbox 732 2480 878 2538; x_wconf 63' lang='lat' dir='ltr'>wulfidem</span> <span class='ocrx_word' id='word_1_296' title='bbox 889 2479 974 2545; x_wconf 77' lang='lat' dir='ltr'>donli,</span> <span class='ocrx_word' id='word_1_297' title='bbox 1027 2485 1474 2558; x_wconf 87' lang='lat' dir='ltr'>bushircosisatqueacescentibus</span> <span class='ocrx_word' id='word_1_298' title='bbox 1486 2488 1569 2544; x_wconf 88' lang='lat' dir='ltr'>latera</span> <span class='ocrx_word' id='word_1_299' title='bbox 1580 2488 1818 2559; x_wconf 76' lang='lat' dir='ltr'>captivarallatus,</span> 
     </span>
     <span class='ocr_line' id='line_1_25' title="bbox 181 2571 1819 2657; baseline -0.001 -18"><span class='ocrx_word' id='word_1_300' title='bbox 181 2583 277 2655; x_wconf 81' lang='lat' dir='ltr'>siquid</span> <span class='ocrx_word' id='word_1_301' title='bbox 301 2596 317 2638; x_wconf 91' lang='lat' dir='ltr'>c</span> <span class='ocrx_word' id='word_1_302' title='bbox 336 2582 422 2649; x_wconf 87' lang='lat' dir='ltr'>raptis</span> <span class='ocrx_word' id='word_1_303' title='bbox 443 2580 514 2634; x_wconf 90' lang='lat' dir='ltr'>inter</span> <span class='ocrx_word' id='word_1_304' title='bbox 528 2577 665 2647; x_wconf 85' lang='lat' dir='ltr'>alaparum</span> <span class='ocrx_word' id='word_1_305' title='bbox 687 2572 820 2646; x_wconf 84' lang='lat' dir='ltr'>procellas</span> <span class='ocrx_word' id='word_1_306' title='bbox 845 2571 975 2643; x_wconf 81' lang='lat' dir='ltr'>prteruisil</span> <span class='ocrx_word' id='word_1_307' title='bbox 1026 2594 1107 2635; x_wconf 84' lang='lat' dir='ltr'>nares</span> <span class='ocrx_word' id='word_1_308' title='bbox 1119 2580 1374 2657; x_wconf 83' lang='lat' dir='ltr'>circumsedentium</span> <span class='ocrx_word' id='word_1_309' title='bbox 1390 2580 1517 2637; x_wconf 87' lang='lat' dir='ltr'>ventilata</span> <span class='ocrx_word' id='word_1_310' title='bbox 1532 2580 1648 2651; x_wconf 89' lang='lat' dir='ltr'>duplicis</span> <span class='ocrx_word' id='word_1_311' title='bbox 1664 2581 1819 2652; x_wconf 77' lang='lat' dir='ltr'>Ampsancti</span> 
     </span>
     <span class='ocr_line' id='line_1_26' title="bbox 180 2664 1820 2746; baseline -0.001 -14"><span class='ocrx_word' id='word_1_312' title='bbox 180 2674 310 2732; x_wconf 88' lang='lat' dir='ltr'>obsoniis.</span> <span class='ocrx_word' id='word_1_313' title='bbox 323 2672 378 2729; x_wconf 85' lang='lat' dir='ltr'>Sed</span> <span class='ocrx_word' id='word_1_314' title='bbox 393 2686 444 2728; x_wconf 91' lang='lat' dir='ltr'>nec</span> <span class='ocrx_word' id='word_1_315' title='bbox 458 2679 501 2727; x_wconf 89' lang='lat' dir='ltr'>est</span> <span class='ocrx_word' id='word_1_316' title='bbox 514 2684 579 2726; x_wconf 88' lang='lat' dir='ltr'>sanc</span> <span class='ocrx_word' id='word_1_317' title='bbox 591 2666 773 2739; x_wconf 80' lang='lat' dir='ltr'>predicabilis</span> <span class='ocrx_word' id='word_1_318' title='bbox 784 2664 836 2722; x_wconf 82' lang='lat' dir='ltr'>uiri</span> <span class='ocrx_word' id='word_1_319' title='bbox 850 2665 877 2722; x_wconf 91' lang='lat' dir='ltr'>iu</span> <span class='ocrx_word' id='word_1_320' title='bbox 888 2672 974 2721; x_wconf 88' lang='lat' dir='ltr'>totum</span> <span class='ocrx_word' id='word_1_321' title='bbox 1026 2679 1101 2743; x_wconf 67' lang='lat' dir='ltr'>posto</span> <span class='ocrx_word' id='word_1_322' title='bbox 1116 2671 1242 2729; x_wconf 79' lang='lat' dir='ltr'>funestat.</span> <span class='ocrx_word' id='word_1_323' title='bbox 1263 2671 1351 2728; x_wconf 83' lang='lat' dir='ltr'>Taceo</span> <span class='ocrx_word' id='word_1_324' title='bbox 1364 2673 1461 2730; x_wconf 88' lang='lat' dir='ltr'>fractas</span> <span class='ocrx_word' id='word_1_325' title='bbox 1482 2672 1602 2744; x_wconf 87' lang='lat' dir='ltr'>pusrdere</span> <span class='ocrx_word' id='word_1_326' title='bbox 1615 2673 1717 2730; x_wconf 78' lang='lat' dir='ltr'>arvina</span> <span class='ocrx_word' id='word_1_327' title='bbox 1729 2673 1820 2746; x_wconf 82' lang='lat' dir='ltr'>jacere</span> 
     </span>
     <span class='ocr_line' id='line_1_27' title="bbox 181 2755 1819 2839; baseline 0.001 -15"><span class='ocrx_word' id='word_1_328' title='bbox 181 2767 282 2825; x_wconf 89' lang='lat' dir='ltr'>silenda</span> <span class='ocrx_word' id='word_1_329' title='bbox 298 2765 450 2837; x_wconf 56' lang='lat' dir='ltr'>frugalium</span> <span class='ocrx_word' id='word_1_330' title='bbox 460 2762 567 2833; x_wconf 81' lang='lat' dir='ltr'>ieiunat</span> <span class='ocrx_word' id='word_1_331' title='bbox 576 2758 702 2832; x_wconf 89' lang='lat' dir='ltr'>quotiens</span> <span class='ocrx_word' id='word_1_332' title='bbox 717 2774 769 2815; x_wconf 91' lang='lat' dir='ltr'>non</span> <span class='ocrx_word' id='word_1_333' title='bbox 780 2766 907 2824; x_wconf 86' lang='lat' dir='ltr'>vocatur;</span> <span class='ocrx_word' id='word_1_334' title='bbox 925 2755 974 2813; x_wconf 89' lang='lat' dir='ltr'>scd</span> <span class='ocrx_word' id='word_1_335' title='bbox 1025 2781 1172 2832; x_wconf 70' lang='lat' dir='ltr'>mammos,</span> <span class='ocrx_word' id='word_1_336' title='bbox 1189 2774 1311 2836; x_wconf 82' lang='lat' dir='ltr'>quasque</span> <span class='ocrx_word' id='word_1_337' title='bbox 1325 2761 1426 2822; x_wconf 84' lang='lat' dir='ltr'>foedum</span> <span class='ocrx_word' id='word_1_338' title='bbox 1438 2776 1511 2823; x_wconf 90' lang='lat' dir='ltr'>esset</span> <span class='ocrx_word' id='word_1_339' title='bbox 1527 2768 1554 2825; x_wconf 86' lang='lat' dir='ltr'>io</span> <span class='ocrx_word' id='word_1_340' title='bbox 1567 2776 1678 2839; x_wconf 82' lang='lat' dir='ltr'>pectore</span> <span class='ocrx_word' id='word_1_341' title='bbox 1696 2766 1766 2824; x_wconf 86' lang='lat' dir='ltr'>virili</span> <span class='ocrx_word' id='word_1_342' title='bbox 1776 2765 1819 2825; x_wconf 89' lang='lat' dir='ltr'>vel</span> 
     </span>
     <span class='ocr_line' id='line_1_28' title="bbox 182 2851 1818 2931; baseline 0.001 -14"><span class='ocrx_word' id='word_1_343' title='bbox 182 2862 220 2918; x_wconf 91' lang='lat' dir='ltr'>sic</span> <span class='ocrx_word' id='word_1_344' title='bbox 233 2855 458 2931; x_wconf 87' lang='lat' dir='ltr'>quoquolevitate</span> <span class='ocrx_word' id='word_1_345' title='bbox 479 2853 636 2926; x_wconf 85' lang='lat' dir='ltr'>parasitica,</span> <span class='ocrx_word' id='word_1_346' title='bbox 649 2852 673 2909; x_wconf 88' lang='lat' dir='ltr'>si</span> <span class='ocrx_word' id='word_1_347' title='bbox 688 2851 817 2909; x_wconf 89' lang='lat' dir='ltr'>invitetur</span> <span class='ocrx_word' id='word_1_348' title='bbox 828 2864 973 2916; x_wconf 89' lang='lat' dir='ltr'>excusans,</span> <span class='ocrx_word' id='word_1_349' title='bbox 1025 2859 1195 2928; x_wconf 82' lang='lat' dir='ltr'>prominere,</span> <span class='ocrx_word' id='word_1_350' title='bbox 1212 2858 1261 2912; x_wconf 86' lang='lat' dir='ltr'>bas</span> <span class='ocrx_word' id='word_1_351' title='bbox 1281 2867 1309 2914; x_wconf 91' lang='lat' dir='ltr'>ut</span> <span class='ocrx_word' id='word_1_352' title='bbox 1324 2859 1407 2914; x_wconf 88' lang='lat' dir='ltr'>ubera</span> <span class='ocrx_word' id='word_1_353' title='bbox 1431 2867 1552 2916; x_wconf 88' lang='lat' dir='ltr'>materna</span> <span class='ocrx_word' id='word_1_354' title='bbox 1567 2861 1706 2917; x_wconf 89' lang='lat' dir='ltr'>cecidisse.</span> <span class='ocrx_word' id='word_1_355' title='bbox 1730 2861 1818 2918; x_wconf 84' lang='lat' dir='ltr'>Taceo</span> 
     </span>
     <span class='ocr_line' id='line_1_29' title="bbox 181 2932 1817 3023; baseline -0.002 -14"><span class='ocrx_word' id='word_1_356' title='bbox 181 2953 320 3010; x_wconf 84' lang='lat' dir='ltr'>sivitctur</span> <span class='ocrx_word' id='word_1_357' title='bbox 342 2948 504 3021; x_wconf 72' lang='lat' dir='ltr'>cupieram,</span> <span class='ocrx_word' id='word_1_358' title='bbox 523 2946 546 3003; x_wconf 91' lang='lat' dir='ltr'>si</span> <span class='ocrx_word' id='word_1_359' title='bbox 566 2944 726 3002; x_wconf 74' lang='lat' dir='ltr'>excludatur</span> <span class='ocrx_word' id='word_1_360' title='bbox 746 2943 929 3016; x_wconf 78' lang='lat' dir='ltr'>exprobrans,</span> <span class='ocrx_word' id='word_1_361' title='bbox 950 2943 973 2998; x_wconf 73' lang='lat' dir='ltr'>vi</span> <span class='ocrx_word' id='word_1_362' title='bbox 1026 2950 1128 3004; x_wconf 82' lang='lat' dir='ltr'>scutris</span> <span class='ocrx_word' id='word_1_363' title='bbox 1143 2948 1234 3005; x_wconf 88' lang='lat' dir='ltr'>inflexi</span> <span class='ocrx_word' id='word_1_364' title='bbox 1257 2948 1389 3020; x_wconf 87' lang='lat' dir='ltr'>pendulus</span> <span class='ocrx_word' id='word_1_365' title='bbox 1411 2932 1631 3020; x_wconf 85' lang='lat' dir='ltr'>cassespartium</span> <span class='ocrx_word' id='word_1_366' title='bbox 1642 2951 1817 3023; x_wconf 67' lang='lat' dir='ltr'>genitalium,</span> 
     </span>
     <span class='ocr_line' id='line_1_30' title="bbox 180 3035 1818 3116; baseline 0 -16"><span class='ocrx_word' id='word_1_367' title='bbox 180 3045 336 3102; x_wconf 75' lang='lat' dir='ltr'>admittatur</span> <span class='ocrx_word' id='word_1_368' title='bbox 346 3042 496 3107; x_wconf 85' lang='lat' dir='ltr'>exsultans,</span> <span class='ocrx_word' id='word_1_369' title='bbox 513 3040 536 3097; x_wconf 91' lang='lat' dir='ltr'>si</span> <span class='ocrx_word' id='word_1_370' title='bbox 550 3039 710 3095; x_wconf 77' lang='lat' dir='ltr'>verberetur</span> <span class='ocrx_word' id='word_1_371' title='bbox 721 3048 891 3107; x_wconf 81' lang='lat' dir='ltr'>exspectans.</span> <span class='ocrx_word' id='word_1_372' title='bbox 905 3035 972 3092; x_wconf 87' lang='lat' dir='ltr'>cum</span> <span class='ocrx_word' id='word_1_373' title='bbox 1023 3043 1085 3113; x_wconf 84' lang='lat' dir='ltr'>quia</span> <span class='ocrx_word' id='word_1_374' title='bbox 1101 3041 1235 3098; x_wconf 89' lang='lat' dir='ltr'>debilibus</span> <span class='ocrx_word' id='word_1_375' title='bbox 1249 3041 1396 3112; x_wconf 80' lang='lat' dir='ltr'>pudende,</span> <span class='ocrx_word' id='word_1_376' title='bbox 1411 3041 1534 3113; x_wconf 86' lang='lat' dir='ltr'>turpibus</span> <span class='ocrx_word' id='word_1_377' title='bbox 1548 3043 1621 3112; x_wconf 71' lang='lat' dir='ltr'>rucis</span> <span class='ocrx_word' id='word_1_378' title='bbox 1631 3042 1735 3115; x_wconf 88' lang='lat' dir='ltr'>turpius</span> <span class='ocrx_word' id='word_1_379' title='bbox 1745 3058 1818 3116; x_wconf 79' lang='lat' dir='ltr'>prar-</span> 
     </span>
     <span class='ocr_line' id='line_1_31' title="bbox 181 3132 1817 3209; baseline -0.001 -17"><span class='ocrx_word' id='word_1_380' title='bbox 181 3137 354 3203; x_wconf 81' lang='lat' dir='ltr'>discubuerit,</span> <span class='ocrx_word' id='word_1_381' title='bbox 369 3133 454 3191; x_wconf 85' lang='lat' dir='ltr'>fertur</span> <span class='ocrx_word' id='word_1_382' title='bbox 468 3141 600 3200; x_wconf 85' lang='lat' dir='ltr'>actutum,</span> <span class='ocrx_word' id='word_1_383' title='bbox 614 3133 639 3187; x_wconf 92' lang='lat' dir='ltr'>si</span> <span class='ocrx_word' id='word_1_384' title='bbox 649 3132 725 3188; x_wconf 91' lang='lat' dir='ltr'>tarde</span> <span class='ocrx_word' id='word_1_385' title='bbox 739 3132 872 3198; x_wconf 87' lang='lat' dir='ltr'>comedat,</span> <span class='ocrx_word' id='word_1_386' title='bbox 887 3132 914 3187; x_wconf 91' lang='lat' dir='ltr'>in</span> <span class='ocrx_word' id='word_1_387' title='bbox 927 3146 972 3186; x_wconf 86' lang='lat' dir='ltr'>ra·</span> <span class='ocrx_word' id='word_1_388' title='bbox 1023 3135 1088 3191; x_wconf 81' lang='lat' dir='ltr'>bere</span> <span class='ocrx_word' id='word_1_389' title='bbox 1098 3137 1231 3191; x_wconf 82' lang='lat' dir='ltr'>velamen.</span> <span class='ocrx_word' id='word_1_390' title='bbox 1241 3133 1300 3191; x_wconf 83' lang='lat' dir='ltr'>iarn</span> <span class='ocrx_word' id='word_1_391' title='bbox 1312 3134 1376 3206; x_wconf 90' lang='lat' dir='ltr'>qnid</span> <span class='ocrx_word' id='word_1_392' title='bbox 1390 3135 1434 3191; x_wconf 89' lang='lat' dir='ltr'>hic</span> <span class='ocrx_word' id='word_1_393' title='bbox 1443 3144 1560 3209; x_wconf 68' lang='lat' dir='ltr'>tergum,</span> <span class='ocrx_word' id='word_1_394' title='bbox 1573 3136 1734 3207; x_wconf 91' lang='lat' dir='ltr'>spinamque</span> <span class='ocrx_word' id='word_1_395' title='bbox 1742 3150 1817 3193; x_wconf 89' lang='lat' dir='ltr'>conr·</span> 
     </span>
     <span class='ocr_line' id='line_1_32' title="bbox 183 3193 1817 3301; baseline 0.001 -17"><span class='ocrx_word' id='word_1_396' title='bbox 183 3231 273 3301; x_wconf 80' lang='lat' dir='ltr'>pinas3</span> <span class='ocrx_word' id='word_1_397' title='bbox 294 3228 317 3286; x_wconf 96' lang='lat' dir='ltr'>si</span> <span class='ocrx_word' id='word_1_398' title='bbox 332 3227 387 3284; x_wconf 84' lang='lat' dir='ltr'>cito</span> <span class='ocrx_word' id='word_1_399' title='bbox 405 3233 554 3294; x_wconf 88' lang='lat' dir='ltr'>saturetur,</span> <span class='ocrx_word' id='word_1_400' title='bbox 575 3224 601 3279; x_wconf 90' lang='lat' dir='ltr'>in</span> <span class='ocrx_word' id='word_1_401' title='bbox 625 3224 774 3297; x_wconf 73' lang='lat' dir='ltr'>lacrymas3</span> <span class='ocrx_word' id='word_1_402' title='bbox 791 3223 813 3279; x_wconf 94' lang='lat' dir='ltr'>si</span> <span class='ocrx_word' id='word_1_403' title='bbox 833 3223 923 3289; x_wconf 83' lang='lat' dir='ltr'>sitiat,</span> <span class='ocrx_word' id='word_1_404' title='bbox 944 3193 1008 3277; x_wconf 81' lang='lat' dir='ltr'>inC</span> <span class='ocrx_word' id='word_1_405' title='bbox 1024 3226 1191 3283; x_wconf 81' lang='lat' dir='ltr'>memorem?</span> <span class='ocrx_word' id='word_1_406' title='bbox 1211 3226 1246 3282; x_wconf 88' lang='lat' dir='ltr'>dc</span> <span class='ocrx_word' id='word_1_407' title='bbox 1260 3226 1338 3297; x_wconf 78' lang='lat' dir='ltr'>cuiue</span> <span class='ocrx_word' id='word_1_408' title='bbox 1358 3226 1423 3282; x_wconf 88' lang='lat' dir='ltr'>licet</span> <span class='ocrx_word' id='word_1_409' title='bbox 1442 3227 1656 3285; x_wconf 89' lang='lat' dir='ltr'>internodiorum</span> <span class='ocrx_word' id='word_1_410' title='bbox 1680 3225 1817 3286; x_wconf 77' lang='lat' dir='ltr'>emrtuos</span> 
     </span>
     <span class='ocr_line' id='line_1_33' title="bbox 143 3314 1815 3392; baseline 0 -14"><span class='ocrx_word' id='word_1_411' title='bbox 143 3356 148 3360; x_wconf 92' lang='lat'><em>-</em></span> <span class='ocrx_word' id='word_1_412' title='bbox 182 3321 320 3392; x_wconf 85' lang='lat' dir='ltr'>querelas;</span> <span class='ocrx_word' id='word_1_413' title='bbox 343 3322 366 3376; x_wconf 87' lang='lat' dir='ltr'>si</span> <span class='ocrx_word' id='word_1_414' title='bbox 392 3319 559 3385; x_wconf 82' lang='lat' dir='ltr'>inebrietur,</span> <span class='ocrx_word' id='word_1_415' title='bbox 584 3318 758 3383; x_wconf 85' lang='lat' dir='ltr'>insomlcas;</span> <span class='ocrx_word' id='word_1_416' title='bbox 781 3314 970 3387; x_wconf 82' lang='lat' dir='ltr'>sifatiqet,in</span> <span class='ocrx_word' id='word_1_417' title='bbox 1023 3334 1272 3390; x_wconf 85' lang='lat' dir='ltr'>erumpensaream</span> <span class='ocrx_word' id='word_1_418' title='bbox 1288 3322 1405 3391; x_wconf 89' lang='lat' dir='ltr'>pecturis</span> <span class='ocrx_word' id='word_1_419' title='bbox 1419 3328 1493 3376; x_wconf 83' lang='lat' dir='ltr'>texat</span> <span class='ocrx_word' id='word_1_420' title='bbox 1506 3331 1651 3377; x_wconf 82' lang='lat' dir='ltr'>curvatura</span> <span class='ocrx_word' id='word_1_421' title='bbox 1664 3330 1815 3387; x_wconf 77' lang='lat' dir='ltr'>castarum:</span> 
     </span>
     <span class='ocr_line' id='line_1_34' title="bbox 183 3406 1817 3491; baseline 0 -19"><span class='ocrx_word' id='word_1_422' title='bbox 183 3412 369 3477; x_wconf 80' lang='lat' dir='ltr'>contumelias,</span> <span class='ocrx_word' id='word_1_423' title='bbox 394 3408 417 3465; x_wconf 91' lang='lat' dir='ltr'>si</span> <span class='ocrx_word' id='word_1_424' title='bbox 431 3408 565 3480; x_wconf 70' lang='lat' dir='ltr'>inligetur,</span> <span class='ocrx_word' id='word_1_425' title='bbox 590 3407 713 3464; x_wconf 76' lang='lat' dir='ltr'>iniurius</span> <span class='ocrx_word' id='word_1_426' title='bbox 729 3421 736 3463; x_wconf 92' lang='lat'><strong>:</strong></span> <span class='ocrx_word' id='word_1_427' title='bbox 752 3406 971 3462; x_wconf 81' lang='lat' dir='ltr'>fctulemiaeom·</span> <span class='ocrx_word' id='word_1_428' title='bbox 1023 3420 1079 3468; x_wconf 87' lang='lat' dir='ltr'>tnta</span> <span class='ocrx_word' id='word_1_429' title='bbox 1102 3412 1278 3469; x_wconf 89' lang='lat' dir='ltr'>nihilominus</span> <span class='ocrx_word' id='word_1_430' title='bbox 1297 3411 1356 3469; x_wconf 81' lang='lat' dir='ltr'>bec</span> <span class='ocrx_word' id='word_1_431' title='bbox 1376 3413 1479 3491; x_wconf 87' lang='lat' dir='ltr'>ossium</span> <span class='ocrx_word' id='word_1_432' title='bbox 1497 3428 1603 3469; x_wconf 84' lang='lat' dir='ltr'>ramosa</span> <span class='ocrx_word' id='word_1_433' title='bbox 1617 3427 1749 3487; x_wconf 69' lang='lat' dir='ltr'>compago</span> <span class='ocrx_word' id='word_1_434' title='bbox 1765 3415 1817 3472; x_wconf 88' lang='lat' dir='ltr'>sub</span> 
     </span>
     <span class='ocr_line' id='line_1_35' title="bbox 181 3498 1816 3579; baseline 0.003 -18"><span class='ocrx_word' id='word_1_435' title='bbox 181 3507 241 3562; x_wconf 88' lang='lat' dir='ltr'>nino</span> <span class='ocrx_word' id='word_1_436' title='bbox 254 3520 304 3576; x_wconf 81' lang='lat' dir='ltr'>par</span> <span class='ocrx_word' id='word_1_437' title='bbox 317 3503 438 3571; x_wconf 83' lang='lat' dir='ltr'>cloacali,</span> <span class='ocrx_word' id='word_1_438' title='bbox 463 3518 523 3574; x_wconf 78' lang='lat' dir='ltr'>que</span> <span class='ocrx_word' id='word_1_439' title='bbox 536 3516 591 3572; x_wconf 87' lang='lat' dir='ltr'>quo</span> <span class='ocrx_word' id='word_1_440' title='bbox 605 3500 666 3572; x_wconf 89' lang='lat' dir='ltr'>plus</span> <span class='ocrx_word' id='word_1_441' title='bbox 686 3508 831 3566; x_wconf 85' lang='lat' dir='ltr'>courmota,</span> <span class='ocrx_word' id='word_1_442' title='bbox 847 3498 972 3570; x_wconf 60' lang='lat' dir='ltr'>uiuum</span> <span class='ocrx_word' id='word_1_443' title='bbox 1023 3523 1077 3563; x_wconf 92' lang='lat' dir='ltr'>uno</span> <span class='ocrx_word' id='word_1_444' title='bbox 1088 3506 1160 3565; x_wconf 78' lang='lat' dir='ltr'>uelut</span> <span class='ocrx_word' id='word_1_445' title='bbox 1173 3507 1339 3565; x_wconf 87' lang='lat' dir='ltr'>exundantis</span> <span class='ocrx_word' id='word_1_446' title='bbox 1353 3507 1505 3566; x_wconf 86' lang='lat' dir='ltr'>abdominis</span> <span class='ocrx_word' id='word_1_447' title='bbox 1520 3509 1614 3579; x_wconf 72' lang='lat' dir='ltr'>pelago</span> <span class='ocrx_word' id='word_1_448' title='bbox 1628 3508 1703 3566; x_wconf 92' lang='lat' dir='ltr'>latet.</span> <span class='ocrx_word' id='word_1_449' title='bbox 1727 3507 1816 3566; x_wconf 79' lang='lat' dir='ltr'>Taceo</span> 
     </span>
     <span class='ocr_line' id='line_1_36' title="bbox 181 3590 1816 3671; baseline 0.002 -18"><span class='ocrx_word' id='word_1_450' title='bbox 181 3597 258 3654; x_wconf 88' lang='lat' dir='ltr'>fetida</span> <span class='ocrx_word' id='word_1_451' title='bbox 272 3605 324 3653; x_wconf 86' lang='lat' dir='ltr'>est.</span> <span class='ocrx_word' id='word_1_452' title='bbox 341 3595 378 3651; x_wconf 87' lang='lat' dir='ltr'>lta</span> <span class='ocrx_word' id='word_1_453' title='bbox 399 3595 493 3651; x_wconf 81' lang='lat' dir='ltr'>virens</span> <span class='ocrx_word' id='word_1_454' title='bbox 506 3593 597 3665; x_wconf 89' lang='lat' dir='ltr'>paucis</span> <span class='ocrx_word' id='word_1_455' title='bbox 614 3591 761 3663; x_wconf 86' lang='lat' dir='ltr'>voluptati,</span> <span class='ocrx_word' id='word_1_456' title='bbox 775 3591 856 3647; x_wconf 90' lang='lat' dir='ltr'>nullis</span> <span class='ocrx_word' id='word_1_457' title='bbox 867 3590 968 3659; x_wconf 89' lang='lat' dir='ltr'>amori,</span> <span class='ocrx_word' id='word_1_458' title='bbox 1023 3599 1174 3656; x_wconf 76' lang='lat' dir='ltr'>lumborum</span> <span class='ocrx_word' id='word_1_459' title='bbox 1198 3599 1411 3670; x_wconf 89' lang='lat' dir='ltr'>corpulentiam,</span> <span class='ocrx_word' id='word_1_460' title='bbox 1427 3600 1611 3671; x_wconf 88' lang='lat' dir='ltr'>cliniumque,</span> <span class='ocrx_word' id='word_1_461' title='bbox 1624 3602 1667 3656; x_wconf 89' lang='lat' dir='ltr'>cui</span> <span class='ocrx_word' id='word_1_462' title='bbox 1688 3599 1816 3658; x_wconf 84' lang='lat' dir='ltr'>crassitu-</span> 
     </span>
     <span class='ocr_line' id='line_1_37' title="bbox 180 3682 1815 3762; baseline 0.003 -18"><span class='ocrx_word' id='word_1_463' title='bbox 180 3689 302 3745; x_wconf 86' lang='lat' dir='ltr'>omnihue</span> <span class='ocrx_word' id='word_1_464' title='bbox 323 3688 388 3744; x_wconf 86' lang='lat' dir='ltr'>risui</span> <span class='ocrx_word' id='word_1_465' title='bbox 403 3696 467 3743; x_wconf 80' lang='lat' dir='ltr'>est:</span> <span class='ocrx_word' id='word_1_466' title='bbox 485 3687 634 3742; x_wconf 80' lang='lat' dir='ltr'>vesicarum</span> <span class='ocrx_word' id='word_1_467' title='bbox 646 3693 750 3755; x_wconf 67' lang='lat' dir='ltr'>vultur.</span> <span class='ocrx_word' id='word_1_468' title='bbox 764 3683 917 3756; x_wconf 64' lang='lat' dir='ltr'>iustiorque</span> <span class='ocrx_word' id='word_1_469' title='bbox 933 3682 972 3738; x_wconf 69' lang='lat' dir='ltr'>su·</span> <span class='ocrx_word' id='word_1_470' title='bbox 1022 3693 1079 3748; x_wconf 88' lang='lat' dir='ltr'>dini</span> <span class='ocrx_word' id='word_1_471' title='bbox 1104 3700 1258 3762; x_wconf 86' lang='lat' dir='ltr'>comparato</span> <span class='ocrx_word' id='word_1_472' title='bbox 1279 3699 1405 3747; x_wconf 90' lang='lat' dir='ltr'>censetur</span> <span class='ocrx_word' id='word_1_473' title='bbox 1417 3691 1493 3747; x_wconf 81' lang='lat' dir='ltr'>ulum</span> <span class='ocrx_word' id='word_1_474' title='bbox 1508 3691 1595 3747; x_wconf 82' lang='lat' dir='ltr'>erilis.</span> <span class='ocrx_word' id='word_1_475' title='bbox 1618 3690 1706 3749; x_wconf 85' lang='lat' dir='ltr'>Taceo</span> <span class='ocrx_word' id='word_1_476' title='bbox 1727 3690 1815 3749; x_wconf 89' lang='lat' dir='ltr'>femur</span> 
     </span>
     <span class='ocr_line' id='line_1_38' title="bbox 182 3776 1814 3855; baseline 0.002 -16"><span class='ocrx_word' id='word_1_477' title='bbox 182 3785 313 3849; x_wconf 88' lang='lat' dir='ltr'>nalarum;</span> <span class='ocrx_word' id='word_1_478' title='bbox 330 3781 437 3839; x_wconf 90' lang='lat' dir='ltr'>bibendi</span> <span class='ocrx_word' id='word_1_479' title='bbox 451 3781 557 3846; x_wconf 81' lang='lat' dir='ltr'>aridus,</span> <span class='ocrx_word' id='word_1_480' title='bbox 569 3779 674 3835; x_wconf 87' lang='lat' dir='ltr'>aridior</span> <span class='ocrx_word' id='word_1_481' title='bbox 685 3777 860 3846; x_wconf 87' lang='lat' dir='ltr'>detrahendi,</span> <span class='ocrx_word' id='word_1_482' title='bbox 875 3776 971 3833; x_wconf 90' lang='lat' dir='ltr'>rabido</span> <span class='ocrx_word' id='word_1_483' title='bbox 1022 3784 1126 3839; x_wconf 82' lang='lat' dir='ltr'>aridum</span> <span class='ocrx_word' id='word_1_484' title='bbox 1141 3793 1169 3840; x_wconf 91' lang='lat' dir='ltr'>et</span> <span class='ocrx_word' id='word_1_485' title='bbox 1183 3783 1318 3852; x_wconf 90' lang='lat' dir='ltr'>pandum,</span> <span class='ocrx_word' id='word_1_486' title='bbox 1334 3797 1421 3854; x_wconf 76' lang='lat' dir='ltr'>genua</span> <span class='ocrx_word' id='word_1_487' title='bbox 1437 3792 1528 3850; x_wconf 83' lang='lat' dir='ltr'>rasta,</span> <span class='ocrx_word' id='word_1_488' title='bbox 1542 3784 1657 3854; x_wconf 90' lang='lat' dir='ltr'>poplites</span> <span class='ocrx_word' id='word_1_489' title='bbox 1669 3785 1814 3855; x_wconf 90' lang='lat' dir='ltr'>delicatos,</span> 
     </span>
     <span class='ocr_line' id='line_1_39' title="bbox 182 3871 1815 3947; baseline 0 -14"><span class='ocrx_word' id='word_1_490' title='bbox 182 3875 277 3947; x_wconf 78' lang='lat' dir='ltr'>pantes</span> <span class='ocrx_word' id='word_1_491' title='bbox 291 3890 341 3932; x_wconf 91' lang='lat' dir='ltr'>ore</span> <span class='ocrx_word' id='word_1_492' title='bbox 351 3876 457 3945; x_wconf 85' lang='lat' dir='ltr'>spirans</span> <span class='ocrx_word' id='word_1_493' title='bbox 469 3888 588 3940; x_wconf 86' lang='lat' dir='ltr'>etenum,</span> <span class='ocrx_word' id='word_1_494' title='bbox 599 3886 727 3942; x_wconf 86' lang='lat' dir='ltr'>spumans</span> <span class='ocrx_word' id='word_1_495' title='bbox 736 3872 845 3938; x_wconf 87' lang='lat' dir='ltr'>vinum,</span> <span class='ocrx_word' id='word_1_496' title='bbox 859 3871 971 3944; x_wconf 85' lang='lat' dir='ltr'>loquens</span> <span class='ocrx_word' id='word_1_497' title='bbox 1000 3938 1002 3942; x_wconf 21' lang='lat'><strong><em>¹</em></strong></span> <span class='ocrx_word' id='word_1_498' title='bbox 1021 3888 1100 3930; x_wconf 88' lang='lat' dir='ltr'>crura</span> <span class='ocrx_word' id='word_1_499' title='bbox 1126 3887 1223 3929; x_wconf 88' lang='lat' dir='ltr'>cornea</span> <span class='ocrx_word' id='word_1_500' title='bbox 1233 3913 1242 3940; x_wconf 93' lang='lat'>,</span> <span class='ocrx_word' id='word_1_501' title='bbox 1253 3872 1354 3930; x_wconf 87' lang='lat' dir='ltr'>vitreos</span> <span class='ocrx_word' id='word_1_502' title='bbox 1370 3873 1459 3942; x_wconf 87' lang='lat' dir='ltr'>talos,</span> <span class='ocrx_word' id='word_1_503' title='bbox 1484 3889 1581 3944; x_wconf 81' lang='lat' dir='ltr'>parvos</span> <span class='ocrx_word' id='word_1_504' title='bbox 1596 3874 1714 3945; x_wconf 79' lang='lat' dir='ltr'>digitos,</span> <span class='ocrx_word' id='word_1_505' title='bbox 1732 3876 1815 3946; x_wconf 89' lang='lat' dir='ltr'>pedes</span> 
     </span>
     <span class='ocr_line' id='line_1_40' title="bbox 180 3961 1812 4038; baseline -0.002 -12"><span class='ocrx_word' id='word_1_506' title='bbox 180 3983 327 4035; x_wconf 83' lang='lat' dir='ltr'>renonum,</span> <span class='ocrx_word' id='word_1_507' title='bbox 354 3965 416 4022; x_wconf 85' lang='lat' dir='ltr'>iacit</span> <span class='ocrx_word' id='word_1_508' title='bbox 442 3963 541 4036; x_wconf 73' lang='lat' dir='ltr'>arrsbipi</span> <span class='ocrx_word' id='word_1_509' title='bbox 566 3962 700 4034; x_wconf 88' lang='lat' dir='ltr'>puditior,</span> <span class='ocrx_word' id='word_1_510' title='bbox 728 3961 915 4030; x_wconf 90' lang='lat' dir='ltr'>temulentior,</span> <span class='ocrx_word' id='word_1_511' title='bbox 936 3979 970 4017; x_wconf 86' lang='lat' dir='ltr'>au</span> <span class='ocrx_word' id='word_1_512' title='bbox 1021 3967 1148 4038; x_wconf 80' lang='lat' dir='ltr'>grandes.</span> <span class='ocrx_word' id='word_1_513' title='bbox 1172 3965 1293 4037; x_wconf 85' lang='lat' dir='ltr'>Crrmque</span> <span class='ocrx_word' id='word_1_514' title='bbox 1307 3965 1428 4021; x_wconf 88' lang='lat' dir='ltr'>distortis</span> <span class='ocrx_word' id='word_1_515' title='bbox 1447 3966 1555 4021; x_wconf 90' lang='lat' dir='ltr'>lmrreat</span> <span class='ocrx_word' id='word_1_516' title='bbox 1576 3965 1812 4036; x_wconf 77' lang='lat' dir='ltr'>italiciamentia,</span> 
     </span>
     <span class='ocr_line' id='line_1_41' title="bbox 181 4054 1814 4132; baseline -0.002 -11"><span class='ocrx_word' id='word_1_517' title='bbox 181 4063 355 4121; x_wconf 88' lang='lat' dir='ltr'>facinorosior</span> <span class='ocrx_word' id='word_1_518' title='bbox 380 4059 561 4117; x_wconf 81' lang='lat' dir='ltr'>existimetur.</span> <span class='ocrx_word' id='word_1_519' title='bbox 586 4057 640 4114; x_wconf 81' lang='lat' dir='ltr'>Sed</span> <span class='ocrx_word' id='word_1_520' title='bbox 665 4056 744 4126; x_wconf 90' lang='lat' dir='ltr'>dicis,</span> <span class='ocrx_word' id='word_1_521' title='bbox 764 4056 847 4111; x_wconf 85' lang='lat' dir='ltr'>arsimi</span> <span class='ocrx_word' id='word_1_522' title='bbox 871 4054 970 4126; x_wconf 88' lang='lat' dir='ltr'>probra</span> <span class='ocrx_word' id='word_1_523' title='bbox 1022 4077 1069 4132; x_wconf 87' lang='lat' dir='ltr'>per</span> <span class='ocrx_word' id='word_1_524' title='bbox 1082 4076 1143 4132; x_wconf 79' lang='lat' dir='ltr'>quae</span> <span class='ocrx_word' id='word_1_525' title='bbox 1158 4060 1332 4130; x_wconf 87' lang='lat' dir='ltr'>multiplicem</span> <span class='ocrx_word' id='word_1_526' title='bbox 1353 4058 1532 4130; x_wconf 86' lang='lat' dir='ltr'>pestilentiam</span> <span class='ocrx_word' id='word_1_527' title='bbox 1547 4058 1691 4128; x_wconf 74' lang='lat' dir='ltr'>exsanguis</span> <span class='ocrx_word' id='word_1_528' title='bbox 1703 4059 1814 4116; x_wconf 84' lang='lat' dir='ltr'>semiti-</span> 
     </span>
     <span class='ocr_line' id='line_1_42' title="bbox 181 4151 1814 4226; baseline -0.001 -14"><span class='ocrx_word' id='word_1_529' title='bbox 181 4158 252 4214; x_wconf 81' lang='lat' dir='ltr'>uultu</span> <span class='ocrx_word' id='word_1_530' title='bbox 266 4158 381 4220; x_wconf 86' lang='lat' dir='ltr'>colorat,</span> <span class='ocrx_word' id='word_1_531' title='bbox 397 4163 425 4211; x_wconf 90' lang='lat' dir='ltr'>et</span> <span class='ocrx_word' id='word_1_532' title='bbox 441 4153 602 4224; x_wconf 88' lang='lat' dir='ltr'>deprecetur</span> <span class='ocrx_word' id='word_1_533' title='bbox 616 4153 731 4225; x_wconf 86' lang='lat' dir='ltr'>ineptias</span> <span class='ocrx_word' id='word_1_534' title='bbox 745 4153 844 4208; x_wconf 91' lang='lat' dir='ltr'>ruentis</span> <span class='ocrx_word' id='word_1_535' title='bbox 857 4151 970 4223; x_wconf 87' lang='lat' dir='ltr'>qualitas</span> <span class='ocrx_word' id='word_1_536' title='bbox 1021 4170 1135 4226; x_wconf 83' lang='lat' dir='ltr'>susque,</span> <span class='ocrx_word' id='word_1_537' title='bbox 1151 4169 1201 4211; x_wconf 90' lang='lat' dir='ltr'>nec</span> <span class='ocrx_word' id='word_1_538' title='bbox 1216 4161 1338 4225; x_wconf 83' lang='lat' dir='ltr'>portatus</span> <span class='ocrx_word' id='word_1_539' title='bbox 1351 4151 1465 4216; x_wconf 86' lang='lat' dir='ltr'>sentiat,</span> <span class='ocrx_word' id='word_1_540' title='bbox 1488 4165 1538 4207; x_wconf 90' lang='lat' dir='ltr'>nec</span> <span class='ocrx_word' id='word_1_541' title='bbox 1551 4160 1717 4209; x_wconf 84' lang='lat' dir='ltr'>sustentatus</span> <span class='ocrx_word' id='word_1_542' title='bbox 1737 4151 1814 4211; x_wconf 84' lang='lat' dir='ltr'>icos-</span> 
     </span>
     <span class='ocr_line' id='line_1_43' title="bbox 180 4241 1813 4321; baseline -0.005 -11"><span class='ocrx_word' id='word_1_543' title='bbox 180 4248 309 4321; x_wconf 82' lang='lat' dir='ltr'>uorpuvis·</span> <span class='ocrx_word' id='word_1_544' title='bbox 329 4247 445 4318; x_wconf 66' lang='lat' dir='ltr'>Electus</span> <span class='ocrx_word' id='word_1_545' title='bbox 466 4244 592 4309; x_wconf 73' lang='lat' dir='ltr'>uidelicet</span> <span class='ocrx_word' id='word_1_546' title='bbox 615 4243 697 4300; x_wconf 88' lang='lat' dir='ltr'>ltuntu</span> <span class='ocrx_word' id='word_1_547' title='bbox 718 4252 969 4315; x_wconf 80' lang='lat' dir='ltr'>pervenustusque,</span> <span class='ocrx_word' id='word_1_548' title='bbox 1021 4248 1082 4313; x_wconf 84' lang='lat' dir='ltr'>dat,</span> <span class='ocrx_word' id='word_1_549' title='bbox 1096 4249 1153 4321; x_wconf 75' lang='lat'>02</span> <span class='ocrx_word' id='word_1_550' title='bbox 1167 4245 1258 4302; x_wconf 84' lang='lat' dir='ltr'>verbis</span> <span class='ocrx_word' id='word_1_551' title='bbox 1270 4254 1359 4300; x_wconf 88' lang='lat' dir='ltr'>tarneu</span> <span class='ocrx_word' id='word_1_552' title='bbox 1373 4253 1414 4301; x_wconf 88' lang='lat' dir='ltr'>est</span> <span class='ocrx_word' id='word_1_553' title='bbox 1428 4243 1476 4300; x_wconf 90' lang='lat' dir='ltr'>ille</span> <span class='ocrx_word' id='word_1_554' title='bbox 1494 4258 1574 4314; x_wconf 90' lang='lat' dir='ltr'>quam</span> <span class='ocrx_word' id='word_1_555' title='bbox 1590 4241 1720 4301; x_wconf 89' lang='lat' dir='ltr'>membris</span> <span class='ocrx_word' id='word_1_556' title='bbox 1732 4258 1813 4302; x_wconf 85' lang='lat' dir='ltr'>exse·</span> 
     </span>
     <span class='ocr_line' id='line_1_44' title="bbox 178 4336 1815 4413; baseline -0.002 -15"><span class='ocrx_word' id='word_1_557' title='bbox 178 4342 316 4413; x_wconf 81' lang='lat' dir='ltr'>cuiusque·</span> <span class='ocrx_word' id='word_1_558' title='bbox 331 4340 367 4396; x_wconf 89' lang='lat' dir='ltr'>eit</span> <span class='ocrx_word' id='word_1_559' title='bbox 389 4338 544 4409; x_wconf 86' lang='lat' dir='ltr'>spectabilis</span> <span class='ocrx_word' id='word_1_560' title='bbox 569 4352 683 4409; x_wconf 87' lang='lat' dir='ltr'>persutra</span> <span class='ocrx_word' id='word_1_561' title='bbox 704 4338 863 4394; x_wconf 79' lang='lat' dir='ltr'>visentibus.</span> <span class='ocrx_word' id='word_1_562' title='bbox 891 4336 970 4392; x_wconf 65' lang='lat' dir='ltr'>liuius</span> <span class='ocrx_word' id='word_1_563' title='bbox 1020 4340 1158 4397; x_wconf 89' lang='lat' dir='ltr'>erabilior.</span> <span class='ocrx_word' id='word_1_564' title='bbox 1174 4338 1240 4395; x_wconf 84' lang='lat' dir='ltr'>llam</span> <span class='ocrx_word' id='word_1_565' title='bbox 1265 4351 1417 4408; x_wconf 89' lang='lat' dir='ltr'>quanquam</span> <span class='ocrx_word' id='word_1_566' title='bbox 1441 4336 1544 4405; x_wconf 90' lang='lat' dir='ltr'>pmritu</span> <span class='ocrx_word' id='word_1_567' title='bbox 1563 4336 1667 4392; x_wconf 77' lang='lat' dir='ltr'>laborat</span> <span class='ocrx_word' id='word_1_568' title='bbox 1680 4337 1815 4394; x_wconf 77' lang='lat' dir='ltr'>serrantur</span> 
     </span>
     <span class='ocr_line' id='line_1_45' title="bbox 179 4428 1815 4502; baseline 0 -15"><span class='ocrx_word' id='word_1_569' title='bbox 179 4448 241 4491; x_wconf 84' lang='lat' dir='ltr'>vera</span> <span class='ocrx_word' id='word_1_570' title='bbox 254 4434 300 4489; x_wconf 93' lang='lat' dir='ltr'>illa</span> <span class='ocrx_word' id='word_1_571' title='bbox 313 4430 539 4502; x_wconf 89' lang='lat' dir='ltr'>sordidioratque</span> <span class='ocrx_word' id='word_1_572' title='bbox 553 4430 702 4486; x_wconf 78' lang='lat' dir='ltr'>deformior</span> <span class='ocrx_word' id='word_1_573' title='bbox 719 4438 761 4485; x_wconf 89' lang='lat' dir='ltr'>est</span> <span class='ocrx_word' id='word_1_574' title='bbox 773 4429 906 4486; x_wconf 87' lang='lat' dir='ltr'>cadavere</span> <span class='ocrx_word' id='word_1_575' title='bbox 926 4444 971 4486; x_wconf 90' lang='lat' dir='ltr'>ro·</span> <span class='ocrx_word' id='word_1_576' title='bbox 1021 4433 1174 4501; x_wconf 81' lang='lat' dir='ltr'>inhonesti,</span> <span class='ocrx_word' id='word_1_577' title='bbox 1189 4443 1244 4486; x_wconf 89' lang='lat' dir='ltr'>turn</span> <span class='ocrx_word' id='word_1_578' title='bbox 1265 4440 1440 4502; x_wconf 88' lang='lat' dir='ltr'>patronorum</span> <span class='ocrx_word' id='word_1_579' title='bbox 1461 4437 1505 4485; x_wconf 88' lang='lat' dir='ltr'>est</span> <span class='ocrx_word' id='word_1_580' title='bbox 1524 4429 1659 4500; x_wconf 75' lang='lat' dir='ltr'>precipue</span> <span class='ocrx_word' id='word_1_581' title='bbox 1680 4428 1815 4502; x_wconf 64' lang='lat' dir='ltr'>curemus</span> 
     </span>
     <span class='ocr_line' id='line_1_46' title="bbox 173 4519 1816 4597; baseline -0.002 -15"><span class='ocrx_word' id='word_1_582' title='bbox 173 4526 240 4597; x_wconf 75' lang='lat' dir='ltr'>gali,</span> <span class='ocrx_word' id='word_1_583' title='bbox 251 4524 323 4597; x_wconf 85' lang='lat' dir='ltr'>quod</span> <span class='ocrx_word' id='word_1_584' title='bbox 340 4519 444 4580; x_wconf 87' lang='lat' dir='ltr'>lacibus</span> <span class='ocrx_word' id='word_1_585' title='bbox 458 4522 575 4579; x_wconf 86' lang='lat' dir='ltr'>adnrotis</span> <span class='ocrx_word' id='word_1_586' title='bbox 588 4520 838 4590; x_wconf 86' lang='lat' dir='ltr'>semicombustum,</span> <span class='ocrx_word' id='word_1_587' title='bbox 852 4537 969 4595; x_wconf 82' lang='lat' dir='ltr'>moxque</span> <span class='ocrx_word' id='word_1_588' title='bbox 1021 4526 1143 4592; x_wconf 88' lang='lat' dir='ltr'>arcanis;</span> <span class='ocrx_word' id='word_1_589' title='bbox 1170 4539 1287 4596; x_wconf 87' lang='lat' dir='ltr'>quorum</span> <span class='ocrx_word' id='word_1_590' title='bbox 1299 4531 1340 4578; x_wconf 90' lang='lat' dir='ltr'>est</span> <span class='ocrx_word' id='word_1_591' title='bbox 1354 4521 1478 4578; x_wconf 87' lang='lat' dir='ltr'>laudator</span> <span class='ocrx_word' id='word_1_592' title='bbox 1492 4522 1519 4578; x_wconf 93' lang='lat' dir='ltr'>in</span> <span class='ocrx_word' id='word_1_593' title='bbox 1532 4522 1686 4594; x_wconf 86' lang='lat' dir='ltr'>prosperis,</span> <span class='ocrx_word' id='word_1_594' title='bbox 1708 4522 1816 4580; x_wconf 71' lang='lat' dir='ltr'>demur</span> 
     </span>
     <span class='ocr_line' id='line_1_47' title="bbox 171 4611 1815 4695; baseline -0.002 -20"><span class='ocrx_word' id='word_1_595' title='bbox 171 4619 283 4676; x_wconf 81' lang='lat' dir='ltr'>sidente</span> <span class='ocrx_word' id='word_1_596' title='bbox 291 4626 366 4674; x_wconf 90' lang='lat' dir='ltr'>strue</span> <span class='ocrx_word' id='word_1_597' title='bbox 381 4615 491 4674; x_wconf 87' lang='lat' dir='ltr'>tortium</span> <span class='ocrx_word' id='word_1_598' title='bbox 506 4614 661 4672; x_wconf 83' lang='lat' dir='ltr'>devolutum</span> <span class='ocrx_word' id='word_1_599' title='bbox 674 4655 682 4682; x_wconf 93' lang='lat'>,</span> <span class='ocrx_word' id='word_1_600' title='bbox 697 4613 811 4671; x_wconf 86' lang='lat' dir='ltr'>reddere</span> <span class='ocrx_word' id='word_1_601' title='bbox 825 4631 899 4689; x_wconf 78' lang='lat' dir='ltr'>pyra</span> <span class='ocrx_word' id='word_1_602' title='bbox 911 4616 966 4687; x_wconf 83' lang='lat' dir='ltr'>jam</span> <span class='ocrx_word' id='word_1_603' title='bbox 1023 4621 1050 4675; x_wconf 93' lang='lat' dir='ltr'>in</span> <span class='ocrx_word' id='word_1_604' title='bbox 1073 4616 1162 4673; x_wconf 86' lang='lat' dir='ltr'>dubiis</span> <span class='ocrx_word' id='word_1_605' title='bbox 1177 4631 1186 4675; x_wconf 71' lang='grc' dir='ltr'>ς</span> <span class='ocrx_word' id='word_1_606' title='bbox 1210 4623 1238 4671; x_wconf 89' lang='lat' dir='ltr'>at</span> <span class='ocrx_word' id='word_1_607' title='bbox 1250 4614 1272 4669; x_wconf 91' lang='lat' dir='ltr'>si</span> <span class='ocrx_word' id='word_1_608' title='bbox 1284 4613 1319 4669; x_wconf 88' lang='lat' dir='ltr'>ad</span> <span class='ocrx_word' id='word_1_609' title='bbox 1332 4613 1436 4670; x_wconf 92' lang='lat' dir='ltr'>occulta</span> <span class='ocrx_word' id='word_1_610' title='bbox 1460 4611 1631 4678; x_wconf 75' lang='lat' dir='ltr'>familiarium</span> <span class='ocrx_word' id='word_1_611' title='bbox 1654 4612 1815 4695; x_wconf 85' lang='lat' dir='ltr'>publicanda</span> 
     </span>
     <span class='ocr_line' id='line_1_48' title="bbox 170 4705 1815 4784; baseline -0.001 -17"><span class='ocrx_word' id='word_1_612' title='bbox 170 4710 332 4769; x_wconf 78' lang='lat' dir='ltr'>fastidiosus</span> <span class='ocrx_word' id='word_1_613' title='bbox 351 4708 495 4781; x_wconf 89' lang='lat' dir='ltr'>pollinctor</span> <span class='ocrx_word' id='word_1_614' title='bbox 508 4705 645 4763; x_wconf 87' lang='lat' dir='ltr'>exhorret.</span> <span class='ocrx_word' id='word_1_615' title='bbox 658 4705 760 4765; x_wconf 77' lang='lat' dir='ltr'>Praeter</span> <span class='ocrx_word' id='word_1_616' title='bbox 774 4708 852 4776; x_wconf 74' lang='lat' dir='ltr'>haec,</span> <span class='ocrx_word' id='word_1_617' title='bbox 867 4709 968 4766; x_wconf 79' lang='lat' dir='ltr'>lum²na</span> <span class='ocrx_word' id='word_1_618' title='bbox 997 4762 1000 4768; x_wconf 85' lang='lat'>.</span> <span class='ocrx_word' id='word_1_619' title='bbox 1023 4713 1152 4784; x_wconf 89' lang='lat' dir='ltr'>temporis</span> <span class='ocrx_word' id='word_1_620' title='bbox 1166 4711 1235 4766; x_wconf 90' lang='lat' dir='ltr'>ratio</span> <span class='ocrx_word' id='word_1_621' title='bbox 1257 4707 1399 4775; x_wconf 91' lang='lat' dir='ltr'>sollicitet,</span> <span class='ocrx_word' id='word_1_622' title='bbox 1421 4721 1484 4762; x_wconf 84' lang='lat' dir='ltr'>mox</span> <span class='ocrx_word' id='word_1_623' title='bbox 1498 4721 1547 4777; x_wconf 88' lang='lat' dir='ltr'>per</span> <span class='ocrx_word' id='word_1_624' title='bbox 1563 4707 1634 4763; x_wconf 88' lang='lat' dir='ltr'>launc</span> <span class='ocrx_word' id='word_1_625' title='bbox 1656 4706 1815 4777; x_wconf 85' lang='lat' dir='ltr'>Spartacum</span> 
     </span>
     <span class='ocr_line' id='line_1_49' title="bbox 163 4798 1815 4879; baseline -0.001 -19"><span class='ocrx_word' id='word_1_626' title='bbox 163 4802 328 4875; x_wconf 69' lang='lat' dir='ltr'>gerit&#39;ideus</span> <span class='ocrx_word' id='word_1_627' title='bbox 342 4802 444 4858; x_wconf 89' lang='lat' dir='ltr'>lumine</span> <span class='ocrx_word' id='word_1_628' title='bbox 455 4798 586 4866; x_wconf 64' lang='lat' dir='ltr'>carentia</span> <span class='ocrx_word' id='word_1_629' title='bbox 599 4816 658 4872; x_wconf 82' lang='lat' dir='ltr'>quae</span> <span class='ocrx_word' id='word_1_630' title='bbox 670 4800 770 4873; x_wconf 74' lang='lat' dir='ltr'>Stygia</span> <span class='ocrx_word' id='word_1_631' title='bbox 781 4803 839 4859; x_wconf 85' lang='lat' dir='ltr'>uice</span> <span class='ocrx_word' id='word_1_632' title='bbox 853 4804 967 4872; x_wconf 85' lang='lat' dir='ltr'>paludis,</span> <span class='ocrx_word' id='word_1_633' title='bbox 1022 4818 1189 4879; x_wconf 79' lang='lat' dir='ltr'>quacunque</span> <span class='ocrx_word' id='word_1_634' title='bbox 1199 4811 1262 4858; x_wconf 89' lang='lat' dir='ltr'>sunt</span> <span class='ocrx_word' id='word_1_635' title='bbox 1278 4801 1368 4856; x_wconf 84' lang='lat' dir='ltr'>clausa</span> <span class='ocrx_word' id='word_1_636' title='bbox 1382 4798 1549 4864; x_wconf 78' lang='lat' dir='ltr'>frausquntur,</span> <span class='ocrx_word' id='word_1_637' title='bbox 1560 4812 1675 4872; x_wconf 78' lang='lat' dir='ltr'>queque</span> <span class='ocrx_word' id='word_1_638' title='bbox 1690 4800 1815 4875; x_wconf 88' lang='lat' dir='ltr'>obserata</span> 
     </span>
     <span class='ocr_line' id='line_1_50' title="bbox 164 4888 1816 4965; baseline -0.001 -16"><span class='ocrx_word' id='word_1_639' title='bbox 164 4894 286 4950; x_wconf 70' lang='lat' dir='ltr'>solvunt</span> <span class='ocrx_word' id='word_1_640' title='bbox 296 4893 432 4965; x_wconf 80' lang='lat' dir='ltr'>lacrymas</span> <span class='ocrx_word' id='word_1_641' title='bbox 446 4906 495 4963; x_wconf 86' lang='lat' dir='ltr'>par</span> <span class='ocrx_word' id='word_1_642' title='bbox 509 4891 645 4948; x_wconf 89' lang='lat' dir='ltr'>tenebras.</span> <span class='ocrx_word' id='word_1_643' title='bbox 656 4891 732 4949; x_wconf 87' lang='lat' dir='ltr'>Gerit</span> <span class='ocrx_word' id='word_1_644' title='bbox 744 4901 771 4948; x_wconf 90' lang='lat' dir='ltr'>et</span> <span class='ocrx_word' id='word_1_645' title='bbox 783 4908 863 4950; x_wconf 87' lang='lat' dir='ltr'>aures</span> <span class='ocrx_word' id='word_1_646' title='bbox 874 4895 971 4952; x_wconf 89' lang='lat' dir='ltr'>imma·</span> <span class='ocrx_word' id='word_1_647' title='bbox 1022 4907 1177 4955; x_wconf 89' lang='lat' dir='ltr'>reserantur</span> <span class='ocrx_word' id='word_1_648' title='bbox 1193 4911 1201 4948; x_wconf 71' lang='grc' dir='ltr'><strong>ε</strong></span> <span class='ocrx_word' id='word_1_649' title='bbox 1217 4895 1252 4948; x_wconf 89' lang='lat' dir='ltr'>ita</span> <span class='ocrx_word' id='word_1_650' title='bbox 1266 4891 1338 4964; x_wconf 91' lang='lat' dir='ltr'>quod</span> <span class='ocrx_word' id='word_1_651' title='bbox 1353 4905 1420 4962; x_wconf 90' lang='lat' dir='ltr'>quas</span> <span class='ocrx_word' id='word_1_652' title='bbox 1433 4888 1574 4947; x_wconf 89' lang='lat' dir='ltr'>domorum</span> <span class='ocrx_word' id='word_1_653' title='bbox 1590 4889 1744 4958; x_wconf 79' lang='lat' dir='ltr'>nequiverit</span> <span class='ocrx_word' id='word_1_654' title='bbox 1754 4905 1816 4948; x_wconf 91' lang='lat' dir='ltr'>usa·</span> 
     </span>
     <span class='ocr_line' id='line_1_51' title="bbox 159 4968 1816 5058; baseline 0.001 -19"><span class='ocrx_word' id='word_1_655' title='bbox 159 4989 257 5042; x_wconf 74' lang='lat' dir='ltr'>scitata</span> <span class='ocrx_word' id='word_1_656' title='bbox 275 4983 414 5049; x_wconf 77' lang='lat' dir='ltr'>barrinas3</span> <span class='ocrx_word' id='word_1_657' title='bbox 429 4997 544 5054; x_wconf 90' lang='lat' dir='ltr'>quarum</span> <span class='ocrx_word' id='word_1_658' title='bbox 559 4981 676 5038; x_wconf 88' lang='lat' dir='ltr'>fistulam</span> <span class='ocrx_word' id='word_1_659' title='bbox 698 4983 811 5041; x_wconf 88' lang='lat' dir='ltr'>biforem</span> <span class='ocrx_word' id='word_1_660' title='bbox 832 4989 910 5058; x_wconf 90' lang='lat' dir='ltr'>pellis</span> <span class='ocrx_word' id='word_1_661' title='bbox 926 4988 970 5045; x_wconf 93' lang='lat' dir='ltr'>ul·</span> <span class='ocrx_word' id='word_1_662' title='bbox 1023 4988 1110 5047; x_wconf 88' lang='lat' dir='ltr'>chiuia</span> <span class='ocrx_word' id='word_1_663' title='bbox 1122 4993 1222 5057; x_wconf 78' lang='lat' dir='ltr'>aperte</span> <span class='ocrx_word' id='word_1_664' title='bbox 1235 4980 1382 5040; x_wconf 85' lang='lat' dir='ltr'>simultatis</span> <span class='ocrx_word' id='word_1_665' title='bbox 1395 4981 1535 5053; x_wconf 88' lang='lat' dir='ltr'>impetere,</span> <span class='ocrx_word' id='word_1_666' title='bbox 1550 4979 1682 5038; x_wconf 90' lang='lat' dir='ltr'>cuniculis</span> <span class='ocrx_word' id='word_1_667' title='bbox 1694 4968 1816 5042; x_wconf 82' lang='lat' dir='ltr'>claudes-</span> 
     </span>
     <span class='ocr_line' id='line_1_52' title="bbox 95 5072 1817 5153; baseline -0.001 -17"><span class='ocrx_word' id='word_1_668' title='bbox 95 5095 98 5098; x_wconf 68' lang='grc'><strong><em>’</em></strong></span> <span class='ocrx_word' id='word_1_669' title='bbox 156 5083 268 5136; x_wconf 68' lang='lat' dir='ltr'>cerusa</span> <span class='ocrx_word' id='word_1_670' title='bbox 287 5077 482 5144; x_wconf 70' lang='lat' dir='ltr'>urcumvanit,</span> <span class='ocrx_word' id='word_1_671' title='bbox 501 5074 590 5130; x_wconf 88' lang='lat' dir='ltr'>saxeis</span> <span class='ocrx_word' id='word_1_672' title='bbox 604 5074 682 5130; x_wconf 91' lang='lat' dir='ltr'>nodis</span> <span class='ocrx_word' id='word_1_673' title='bbox 697 5083 724 5130; x_wconf 92' lang='lat' dir='ltr'>et</span> <span class='ocrx_word' id='word_1_674' title='bbox 749 5077 843 5134; x_wconf 82' lang='lat' dir='ltr'>tofosis</span> <span class='ocrx_word' id='word_1_675' title='bbox 857 5079 971 5142; x_wconf 90' lang='lat' dir='ltr'>humore</span> <span class='ocrx_word' id='word_1_676' title='bbox 1024 5086 1088 5142; x_wconf 83' lang='lat' dir='ltr'>tinte</span> <span class='ocrx_word' id='word_1_677' title='bbox 1106 5077 1266 5153; x_wconf 91' lang='lat' dir='ltr'>proditionis</span> <span class='ocrx_word' id='word_1_678' title='bbox 1286 5077 1434 5148; x_wconf 70' lang='lat' dir='ltr'>impugnat.</span> <span class='ocrx_word' id='word_1_679' title='bbox 1460 5072 1671 5147; x_wconf 88' lang='lat' dir='ltr'>llocfabricatu</span> <span class='ocrx_word' id='word_1_680' title='bbox 1692 5074 1817 5136; x_wconf 72' lang='lat' dir='ltr'>heutua</span> 
     </span>
    </p>
   </div>
   <div class='ocr_carea' id='block_1_3' title="bbox 156 5196 1584 5349">
    <p class='ocr_par' dir='ltr' id='par_1_3' title="bbox 156 5196 1584 5349">
     <span class='ocr_line' id='line_1_53' title="bbox 156 5196 1584 5349; baseline -0.005 -52"><span class='ocrx_word' id='word_1_681' title='bbox 156 5253 250 5311; x_wconf 66' lang='lat' dir='ltr'>tspp.</span> <span class='ocrx_word' id='word_1_682' title='bbox 265 5196 293 5305; x_wconf 80' lang='lat' dir='ltr'>u,</span> <span class='ocrx_word' id='word_1_683' title='bbox 308 5236 352 5302; x_wconf 74' lang='lat' dir='ltr'>lu,</span> <span class='ocrx_word' id='word_1_684' title='bbox 369 5198 413 5293; x_wconf 82' lang='lat' dir='ltr'>rs.</span> <span class='ocrx_word' id='word_1_685' title='bbox 430 5233 534 5291; x_wconf 80' lang='lat' dir='ltr'>hrcadli</span> <span class='ocrx_word' id='word_1_686' title='bbox 550 5231 608 5288; x_wconf 90' lang='lat' dir='ltr'>lilia</span> <span class='ocrx_word' id='word_1_687' title='bbox 620 5232 772 5304; x_wconf 72' lang='lat' dir='ltr'>Placidus,</span> <span class='ocrx_word' id='word_1_688' title='bbox 794 5253 863 5296; x_wconf 89' lang='lat' dir='ltr'>uxor</span> <span class='ocrx_word' id='word_1_689' title='bbox 896 5256 966 5299; x_wconf 90' lang='lat' dir='ltr'>oon·</span> <span class='ocrx_word' id='word_1_690' title='bbox 1082 5234 1179 5349; x_wconf 58' lang='lat' dir='ltr'>lugent</span> <span class='ocrx_word' id='word_1_691' title='bbox 1190 5230 1266 5282; x_wconf 55' lang='lat'>‘3¹⁰³</span> <span class='ocrx_word' id='word_1_692' title='bbox 1277 5238 1328 5282; x_wconf 73' lang='lat'>¹⁰²⁰</span> <span class='ocrx_word' id='word_1_693' title='bbox 1338 5233 1381 5294; x_wconf 67' lang='lat'>(11¹¹</span> <span class='ocrx_word' id='word_1_694' title='bbox 1399 5230 1464 5281; x_wconf 66' lang='lat'>&#39;0¹1¹</span> <span class='ocrx_word' id='word_1_695' title='bbox 1474 5232 1498 5281; x_wconf 87' lang='lat' dir='ltr'>in</span> <span class='ocrx_word' id='word_1_696' title='bbox 1511 5229 1584 5290; x_wconf 82' lang='lat' dir='ltr'>orbe,</span> 
     </span>
    </p>
   </div>
   <div class='ocr_carea' id='block_1_4' title="bbox 158 5291 1660 5381">
    <p class='ocr_par' dir='ltr' id='par_1_4' title="bbox 158 5291 1660 5381">
     <span class='ocr_line' id='line_1_54' title="bbox 158 5291 1660 5381; baseline -0.011 -15"><span class='ocrx_word' id='word_1_697' title='bbox 158 5315 234 5366; x_wconf 81' lang='lat' dir='ltr'>tiaus</span> <span class='ocrx_word' id='word_1_698' title='bbox 254 5309 359 5364; x_wconf 81' lang='lat' dir='ltr'>Leontii</span> <span class='ocrx_word' id='word_1_699' title='bbox 381 5308 495 5378; x_wconf 79' lang='lat' dir='ltr'>junioris</span> <span class='ocrx_word' id='word_1_700' title='bbox 519 5303 749 5374; x_wconf 78' lang='lat' dir='ltr'>burdigalensium</span> <span class='ocrx_word' id='word_1_701' title='bbox 771 5312 901 5381; x_wconf 80' lang='lat' dir='ltr'>episcopi.</span> <span class='ocrx_word' id='word_1_702' title='bbox 924 5313 965 5371; x_wconf 78' lang='lat' dir='ltr'>Es</span> <span class='ocrx_word' id='word_1_703' title='bbox 1132 5291 1452 5360; x_wconf 68' lang='lat' dir='ltr'>⁰1⁰⁵²s¹¹¹¹¹⁰ll⁰l¹0¹¹⁸lut³</span> <span class='ocrx_word' id='word_1_704' title='bbox 1461 5299 1562 5343; x_wconf 63' lang='lat' dir='ltr'>venitus</span> <span class='ocrx_word' id='word_1_705' title='bbox 1575 5292 1660 5346; x_wconf 70' lang='lat' dir='ltr'>babti-</span> 
     </span>
    </p>
   </div>
   <div class='ocr_carea' id='block_1_5' title="bbox 154 5366 1814 5731">
    <p class='ocr_par' dir='ltr' id='par_1_5' title="bbox 154 5353 1814 5731">
     <span class='ocr_line' id='line_1_55' title="bbox 154 5366 1668 5525; baseline 0.015 -23"><span class='ocrx_word' id='word_1_706' title='bbox 154 5375 966 5525; x_wconf 65' lang='lat' dir='ltr'>eliuuhu„⁰ellillhluuuthlhlJ¹l</span> <span class='ocrx_word' id='word_1_707' title='bbox 1114 5369 1528 5482; x_wconf 83' lang='lat'>...</span> <span class='ocrx_word' id='word_1_708' title='bbox 1542 5366 1668 5481; x_wconf 54' lang='lat' dir='ltr'>ilii</span> 
     </span>
     <span class='ocr_line' id='line_1_56' title="bbox 154 5516 1813 5611; baseline -0.007 -23"><span class='ocrx_word' id='word_1_709' title='bbox 154 5523 340 5581; x_wconf 55' lang='lat' dir='ltr'>*inlusi*</span> <span class='ocrx_word' id='word_1_710' title='bbox 354 5543 367 5588; x_wconf 66' lang='lat'>1⁴</span> <span class='ocrx_word' id='word_1_711' title='bbox 1024 5532 1093 5588; x_wconf 79' lang='lat' dir='ltr'>Vere</span> <span class='ocrx_word' id='word_1_712' title='bbox 1106 5524 1304 5611; x_wconf 70' lang='lat' dir='ltr'>prorsusliaut</span> <span class='ocrx_word' id='word_1_713' title='bbox 1320 5522 1443 5594; x_wconf 74' lang='lat' dir='ltr'>abneptis</span> <span class='ocrx_word' id='word_1_714' title='bbox 1458 5522 1506 5577; x_wconf 91' lang='lat' dir='ltr'>luit</span> <span class='ocrx_word' id='word_1_715' title='bbox 1526 5520 1651 5605; x_wconf 29' lang='lat' dir='ltr'>haitinex&#39;</span> <span class='ocrx_word' id='word_1_716' title='bbox 1669 5516 1813 5589; x_wconf 82' lang='lat' dir='ltr'>Papianilla</span> 
     </span>
     <span class='ocr_line' id='line_1_57' title="bbox 233 5593 1814 5731; baseline -0.009 1"><span class='ocrx_word' id='word_1_717' title='bbox 233 5637 492 5703; x_wconf 78' lang='lat'>.........</span> <span class='ocrx_word' id='word_1_718' title='bbox 1023 5598 1274 5731; x_wconf 76' lang='lat'>¹⁸.</span> <span class='ocrx_word' id='word_1_719' title='bbox 1292 5596 1382 5730; x_wconf 78' lang='lat' dir='ltr'>ltu</span> <span class='ocrx_word' id='word_1_720' title='bbox 1397 5593 1474 5721; x_wconf 79' lang='lat' dir='ltr'>flii</span> <span class='ocrx_word' id='word_1_721' title='bbox 1492 5593 1814 5731; x_wconf 63' lang='lat' dir='ltr'>brt</span> 
     </span>
    </p>
   </div>
   <div class='ocr_carea' id='block_1_6' title="bbox 234 5701 1811 5828">
    <p class='ocr_par' dir='ltr' id='par_1_6' title="bbox 234 5701 1811 5828">
     <span class='ocr_line' id='line_1_58' title="bbox 234 5701 1811 5828; baseline -0.012 -24"><span class='ocrx_word' id='word_1_722' title='bbox 234 5701 865 5828; x_wconf 44' lang='lat' dir='ltr'>iffiffssffleffiniggffflffffissfflffi</span> <span class='ocrx_word' id='word_1_723' title='bbox 1024 5744 1124 5800; x_wconf 69' lang='lat' dir='ltr'>elicium</span> <span class='ocrx_word' id='word_1_724' title='bbox 1135 5756 1208 5796; x_wconf 86' lang='lat' dir='ltr'>soror</span> <span class='ocrx_word' id='word_1_725' title='bbox 1218 5746 1240 5792; x_wconf 84' lang='lat' dir='ltr'>et</span> <span class='ocrx_word' id='word_1_726' title='bbox 1255 5735 1394 5792; x_wconf 84' lang='lat' dir='ltr'>Placidino</span> <span class='ocrx_word' id='word_1_727' title='bbox 1404 5738 1499 5808; x_wconf 73' lang='lat' dir='ltr'>conjux</span> <span class='ocrx_word' id='word_1_728' title='bbox 1511 5731 1669 5800; x_wconf 80' lang='lat' dir='ltr'>Apollinaris</span> <span class='ocrx_word' id='word_1_729' title='bbox 1681 5730 1811 5807; x_wconf 78' lang='lat' dir='ltr'>episcopi,</span> 
     </span>
    </p>
   </div>
   <div class='ocr_carea' id='block_1_7' title="bbox 266 5801 1728 5894">
    <p class='ocr_par' dir='ltr' id='par_1_7' title="bbox 266 5801 1728 5894">
     <span class='ocr_line' id='line_1_59' title="bbox 266 5801 1728 5894; baseline -0.01 -19"><span class='ocrx_word' id='word_1_730' title='bbox 266 5830 412 5894; x_wconf 79' lang='lat' dir='ltr'>eroutauet</span> <span class='ocrx_word' id='word_1_731' title='bbox 424 5825 561 5887; x_wconf 70' lang='lat' dir='ltr'>Augustum</span> <span class='ocrx_word' id='word_1_732' title='bbox 576 5838 691 5889; x_wconf 84' lang='lat' dir='ltr'>qermeu,</span> <span class='ocrx_word' id='word_1_733' title='bbox 706 5827 786 5889; x_wconf 78' lang='lat' dir='ltr'>erite,</span> <span class='ocrx_word' id='word_1_734' title='bbox 800 5834 879 5879; x_wconf 91' lang='lat' dir='ltr'>tuum.</span> <span class='ocrx_word' id='word_1_735' title='bbox 1023 5814 1095 5891; x_wconf 85' lang='lat' dir='ltr'>quod</span> <span class='ocrx_word' id='word_1_736' title='bbox 1109 5810 1279 5887; x_wconf 85' lang='lat' dir='ltr'>perspicuum</span> <span class='ocrx_word' id='word_1_737' title='bbox 1293 5815 1335 5864; x_wconf 89' lang='lat' dir='ltr'>est</span> <span class='ocrx_word' id='word_1_738' title='bbox 1346 5821 1381 5864; x_wconf 87' lang='lat' dir='ltr'>ex</span> <span class='ocrx_word' id='word_1_739' title='bbox 1399 5807 1459 5863; x_wconf 82' lang='lat' dir='ltr'>linc.</span> <span class='ocrx_word' id='word_1_740' title='bbox 1474 5819 1514 5874; x_wconf 90' lang='lat' dir='ltr'>ut,</span> <span class='ocrx_word' id='word_1_741' title='bbox 1529 5816 1589 5874; x_wconf 78' lang='lat' dir='ltr'>etp.</span> <span class='ocrx_word' id='word_1_742' title='bbox 1605 5801 1624 5858; x_wconf 69' lang='grc' dir='ltr'><strong>Ξ</strong></span> <span class='ocrx_word' id='word_1_743' title='bbox 1642 5811 1671 5860; x_wconf 79' lang='lat' dir='ltr'>ct</span> <span class='ocrx_word' id='word_1_744' title='bbox 1683 5802 1728 5861; x_wconf 73' lang='lat' dir='ltr'>ts.</span> 
     </span>
    </p>
   </div>
   <div class='ocr_carea' id='block_1_8' title="bbox 0 0 1910 6244">
    <p class='ocr_par' dir='ltr' id='par_1_8' title="bbox 0 0 1910 6244">
     <span class='ocr_line' id='line_1_60' title="bbox 0 0 1910 6244; baseline 0 0"><span class='ocrx_word' id='word_1_745' title='bbox 0 0 1910 6244; x_wconf 95' lang='lat' dir='ltr'> </span> 
     </span>
    </p>
   </div>
  </div>
 </body>
</html>
