<?xml version="1.0" encoding="UTF-8"?>
<!DOCTYPE html PUBLIC "-//W3C//DTD XHTML 1.0 Transitional//EN"
    "http://www.w3.org/TR/xhtml1/DTD/xhtml1-transitional.dtd">
<html xmlns="http://www.w3.org/1999/xhtml" xml:lang="en" lang="en">
 <head>
  <title>
</title>
<meta http-equiv="Content-Type" content="text/html;charset=utf-8" />
  <meta name='ocr-system' content='tesseract 3.04.00' />
  <meta name='ocr-capabilities' content='ocr_page ocr_carea ocr_par ocr_line ocrx_word'/>
</head>
<body>
  <div class='ocr_page' id='page_1' title='image "./patrologiaecurs99unkngoog_0134.png"; bbox 0 0 3810 6254; ppageno 0'>
   <div class='ocr_carea' id='block_1_1' title="bbox 166 311 221 372">
    <p class='ocr_par' dir='ltr' id='par_1_1' title="bbox 166 311 221 372">
     <span class='ocr_line' id='line_1_1' title="bbox 166 311 221 372; baseline 0.036 -2"><span class='ocrx_word' id='word_1_1' title='bbox 166 311 221 372; x_wconf 75' lang='lat' dir='ltr'><strong>aei</strong></span> 
     </span>
    </p>
   </div>
   <div class='ocr_carea' id='block_1_2' title="bbox 680 300 1283 364">
    <p class='ocr_par' dir='ltr' id='par_1_2' title="bbox 680 300 1283 364">
     <span class='ocr_line' id='line_1_2' title="bbox 680 300 1283 364; baseline -0.008 -1"><span class='ocrx_word' id='word_1_2' title='bbox 680 304 819 364; x_wconf 74' lang='grc'><strong>11101111.</strong></span> <span class='ocrx_word' id='word_1_3' title='bbox 840 301 997 361; x_wconf 76' lang='lat' dir='ltr'>VICTORIS</span> <span class='ocrx_word' id='word_1_4' title='bbox 1016 301 1082 361; x_wconf 79' lang='lat' dir='ltr'><strong>vti.</strong></span> <span class='ocrx_word' id='word_1_5' title='bbox 1102 300 1283 361; x_wconf 78' lang='lat' dir='ltr'><strong>aureublx.</strong></span> 
     </span>
    </p>
   </div>
   <div class='ocr_carea' id='block_1_3' title="bbox 1741 301 1793 359">
    <p class='ocr_par' dir='ltr' id='par_1_3' title="bbox 1741 301 1793 359">
     <span class='ocr_line' id='line_1_3' title="bbox 1741 301 1793 359; baseline 0 0"><span class='ocrx_word' id='word_1_6' title='bbox 1741 301 1793 359; x_wconf 73' lang='lat' dir='ltr'><strong>etta</strong></span> 
     </span>
    </p>
   </div>
   <div class='ocr_carea' id='block_1_4' title="bbox 166 415 1792 499">
    <p class='ocr_par' dir='ltr' id='par_1_4' title="bbox 166 415 1792 499">
     <span class='ocr_line' id='line_1_4' title="bbox 166 415 1792 499; baseline -0.007 -11"><span class='ocrx_word' id='word_1_7' title='bbox 166 427 302 490; x_wconf 79' lang='lat' dir='ltr'><strong>cruciatae,</strong></span> <span class='ocrx_word' id='word_1_8' title='bbox 317 424 365 499; x_wconf 85' lang='lat' dir='ltr'><strong>[oi.</strong></span> <span class='ocrx_word' id='word_1_9' title='bbox 382 422 512 496; x_wconf 87' lang='lat' dir='ltr'><strong>victricia]</strong></span> <span class='ocrx_word' id='word_1_10' title='bbox 538 420 656 479; x_wconf 78' lang='lat' dir='ltr'><strong>victoriae</strong></span> <span class='ocrx_word' id='word_1_11' title='bbox 671 429 770 491; x_wconf 79' lang='lat' dir='ltr'><strong>tropea</strong></span> <span class='ocrx_word' id='word_1_12' title='bbox 788 419 950 493; x_wconf 88' lang='lat' dir='ltr'><strong>portaruutl</strong></span> <span class='ocrx_word' id='word_1_13' title='bbox 964 420 991 483; x_wconf 81' lang='grc' dir='ltr'><strong>Λ</strong></span> <span class='ocrx_word' id='word_1_14' title='bbox 1005 426 1108 477; x_wconf 87' lang='lat' dir='ltr'><strong>tearum</strong></span> <span class='ocrx_word' id='word_1_15' title='bbox 1121 422 1234 478; x_wconf 82' lang='lat' dir='ltr'><strong>Domino</strong></span> <span class='ocrx_word' id='word_1_16' title='bbox 1247 420 1438 476; x_wconf 69' lang='lat' dir='ltr'><strong>decantantes:</strong></span> <span class='ocrx_word' id='word_1_17' title='bbox 1453 415 1543 474; x_wconf 84' lang='lat' dir='ltr'><strong>Gloria</strong></span> <span class='ocrx_word' id='word_1_18' title='bbox 1558 417 1584 473; x_wconf 89' lang='lat' dir='ltr'><strong>in</strong></span> <span class='ocrx_word' id='word_1_19' title='bbox 1596 418 1709 475; x_wconf 81' lang='lat' dir='ltr'><strong>excelsis</strong></span> <span class='ocrx_word' id='word_1_20' title='bbox 1725 418 1792 486; x_wconf 86' lang='lat' dir='ltr'><strong>lieo,</strong></span> 
     </span>
    </p>
   </div>
   <div class='ocr_carea' id='block_1_5' title="bbox 164 491 951 1404">
    <p class='ocr_par' dir='ltr' id='par_1_5' title="bbox 165 491 950 697">
     <span class='ocr_line' id='line_1_5' title="bbox 166 491 949 569; baseline -0.01 -12"><span class='ocrx_word' id='word_1_21' title='bbox 166 499 261 569; x_wconf 76' lang='lat' dir='ltr'><strong>Quanti</strong></span> <span class='ocrx_word' id='word_1_22' title='bbox 277 496 398 552; x_wconf 88' lang='lat' dir='ltr'><strong>inlautuli</strong></span> <span class='ocrx_word' id='word_1_23' title='bbox 420 495 560 550; x_wconf 88' lang='lat' dir='ltr'><strong>irridentes</strong></span> <span class='ocrx_word' id='word_1_24' title='bbox 581 492 668 548; x_wconf 89' lang='lat' dir='ltr'><strong>edicta</strong></span> <span class='ocrx_word' id='word_1_25' title='bbox 685 491 776 548; x_wconf 90' lang='lat' dir='ltr'><strong>ieralia</strong></span> <span class='ocrx_word' id='word_1_26' title='bbox 795 501 857 548; x_wconf 87' lang='lat' dir='ltr'><strong>aute</strong></span> <span class='ocrx_word' id='word_1_27' title='bbox 872 506 949 549; x_wconf 88' lang='lat' dir='ltr'><strong>muu-</strong></span> 
     </span>
     <span class='ocr_line' id='line_1_6' title="bbox 165 563 950 636; baseline -0.017 -8"><span class='ocrx_word' id='word_1_28' title='bbox 165 575 228 628; x_wconf 90' lang='lat' dir='ltr'><strong>dum</strong></span> <span class='ocrx_word' id='word_1_29' title='bbox 237 572 452 636; x_wconf 88' lang='lat' dir='ltr'><strong>contempserunt</strong></span> <span class='ocrx_word' id='word_1_30' title='bbox 463 578 542 636; x_wconf 85' lang='lat' dir='ltr'><strong>quam</strong></span> <span class='ocrx_word' id='word_1_31' title='bbox 559 565 586 618; x_wconf 91' lang='lat' dir='ltr'><strong>in</strong></span> <span class='ocrx_word' id='word_1_32' title='bbox 599 563 783 620; x_wconf 77' lang='lat' dir='ltr'><strong>illecebrosam</strong></span> <span class='ocrx_word' id='word_1_33' title='bbox 796 563 854 632; x_wconf 80' lang='lat' dir='ltr'><strong>eius</strong></span> <span class='ocrx_word' id='word_1_34' title='bbox 869 563 950 617; x_wconf 91' lang='lat' dir='ltr'><strong>semi·</strong></span> 
     </span>
     <span class='ocr_line' id='line_1_7' title="bbox 167 637 390 697; baseline -0.036 0"><span class='ocrx_word' id='word_1_35' title='bbox 167 653 219 697; x_wconf 91' lang='lat' dir='ltr'><strong>tam</strong></span> <span class='ocrx_word' id='word_1_36' title='bbox 233 637 390 694; x_wconf 76' lang='lat' dir='ltr'><strong>introirent?</strong></span> 
     </span>
    </p>

    <p class='ocr_par' dir='ltr' id='par_1_6' title="bbox 164 703 951 1404">
     <span class='ocr_line' id='line_1_8' title="bbox 201 703 951 775; baseline -0.012 -9"><span class='ocrx_word' id='word_1_37' title='bbox 201 710 243 766; x_wconf 93' lang='lat' dir='ltr'><strong>lll.</strong></span> <span class='ocrx_word' id='word_1_38' title='bbox 260 703 381 762; x_wconf 74' lang='lat' dir='ltr'><strong>Monaesi</strong></span> <span class='ocrx_word' id='word_1_39' title='bbox 400 715 494 774; x_wconf 89' lang='lat' dir='ltr'><strong>septem</strong></span> <span class='ocrx_word' id='word_1_40' title='bbox 517 703 681 775; x_wconf 69' lang='lat' dir='ltr'><strong>apprehensi,</strong></span> <span class='ocrx_word' id='word_1_41' title='bbox 705 733 741 747; x_wconf 92' lang='lat'>-</span> <span class='ocrx_word' id='word_1_42' title='bbox 761 703 836 760; x_wconf 83' lang='lat' dir='ltr'><strong>Tunc</strong></span> <span class='ocrx_word' id='word_1_43' title='bbox 854 716 951 774; x_wconf 85' lang='lat' dir='ltr'><strong>appre-</strong></span> 
     </span>
     <span class='ocr_line' id='line_1_9' title="bbox 166 771 950 845; baseline -0.013 -8"><span class='ocrx_word' id='word_1_44' title='bbox 166 779 242 838; x_wconf 88' lang='lat' dir='ltr'><strong>hensi</strong></span> <span class='ocrx_word' id='word_1_45' title='bbox 262 783 369 833; x_wconf 90' lang='lat' dir='ltr'><strong>suntet</strong></span> <span class='ocrx_word' id='word_1_46' title='bbox 391 785 493 844; x_wconf 89' lang='lat' dir='ltr'><strong>septem</strong></span> <span class='ocrx_word' id='word_1_47' title='bbox 516 775 612 831; x_wconf 88' lang='lat' dir='ltr'><strong>iratres</strong></span> <span class='ocrx_word' id='word_1_48' title='bbox 634 784 760 845; x_wconf 77' lang='lat' dir='ltr'><strong>quantum</strong></span> <span class='ocrx_word' id='word_1_49' title='bbox 781 775 898 844; x_wconf 77' lang='lat' dir='ltr'><strong>pertinet</strong></span> <span class='ocrx_word' id='word_1_50' title='bbox 916 771 950 827; x_wconf 91' lang='lat' dir='ltr'><strong>ad</strong></span> 
     </span>
     <span class='ocr_line' id='line_1_10' title="bbox 165 840 949 913; baseline -0.014 -6"><span class='ocrx_word' id='word_1_51' title='bbox 165 847 333 908; x_wconf 87' lang='lat' dir='ltr'><strong>concordiam</strong></span> <span class='ocrx_word' id='word_1_52' title='bbox 351 844 493 902; x_wconf 82' lang='lat' dir='ltr'><strong>dominicae</strong></span> <span class='ocrx_word' id='word_1_53' title='bbox 509 845 646 900; x_wconf 87' lang='lat' dir='ltr'><strong>servitutis</strong></span> <span class='ocrx_word' id='word_1_54' title='bbox 659 886 668 913; x_wconf 98' lang='lat'><strong>,</strong></span> <span class='ocrx_word' id='word_1_55' title='bbox 685 846 712 899; x_wconf 91' lang='lat' dir='ltr'><strong>in</strong></span> <span class='ocrx_word' id='word_1_56' title='bbox 726 844 889 899; x_wconf 86' lang='lat' dir='ltr'><strong>monasterio</strong></span> <span class='ocrx_word' id='word_1_57' title='bbox 900 840 949 897; x_wconf 92' lang='lat' dir='ltr'><strong>ba·</strong></span> 
     </span>
     <span class='ocr_line' id='line_1_11' title="bbox 165 912 949 984; baseline -0.015 -6"><span class='ocrx_word' id='word_1_58' title='bbox 165 921 283 978; x_wconf 89' lang='lat' dir='ltr'><strong>bitautes</strong></span> <span class='ocrx_word' id='word_1_59' title='bbox 296 917 323 970; x_wconf 95' lang='lat' dir='ltr'><strong>in</strong></span> <span class='ocrx_word' id='word_1_60' title='bbox 338 930 419 970; x_wconf 93' lang='lat' dir='ltr'><strong>unum</strong></span> <span class='ocrx_word' id='word_1_61' title='bbox 435 931 443 970; x_wconf 75' lang='grc' dir='ltr'><strong>ε</strong></span> <span class='ocrx_word' id='word_1_62' title='bbox 458 915 518 984; x_wconf 81' lang='lat' dir='ltr'><strong>quia</strong></span> <span class='ocrx_word' id='word_1_63' title='bbox 532 914 631 970; x_wconf 93' lang='lat' dir='ltr'><strong>bonum</strong></span> <span class='ocrx_word' id='word_1_64' title='bbox 643 922 685 970; x_wconf 89' lang='lat' dir='ltr'><strong>est</strong></span> <span class='ocrx_word' id='word_1_65' title='bbox 700 923 726 970; x_wconf 92' lang='lat' dir='ltr'><strong>et</strong></span> <span class='ocrx_word' id='word_1_66' title='bbox 739 912 884 984; x_wconf 88' lang='lat' dir='ltr'><strong>jucundum</strong></span> <span class='ocrx_word' id='word_1_67' title='bbox 899 912 949 967; x_wconf 90' lang='lat' dir='ltr'><strong>ba-</strong></span> 
     </span>
     <span class='ocr_line' id='line_1_12' title="bbox 165 983 948 1046; baseline -0.011 0"><span class='ocrx_word' id='word_1_68' title='bbox 165 993 249 1046; x_wconf 89' lang='lat' dir='ltr'><strong>bitare</strong></span> <span class='ocrx_word' id='word_1_69' title='bbox 266 986 362 1041; x_wconf 87' lang='lat' dir='ltr'><strong>iratres</strong></span> <span class='ocrx_word' id='word_1_70' title='bbox 381 986 407 1040; x_wconf 92' lang='lat' dir='ltr'><strong>in</strong></span> <span class='ocrx_word' id='word_1_71' title='bbox 425 999 506 1041; x_wconf 91' lang='lat' dir='ltr'><strong>unum</strong></span> <span class='ocrx_word' id='word_1_72' title='bbox 522 1001 529 1039; x_wconf 93' lang='lat'>:</span> <span class='ocrx_word' id='word_1_73' title='bbox 548 985 575 1040; x_wconf 94' lang='lat' dir='ltr'><strong>id</strong></span> <span class='ocrx_word' id='word_1_74' title='bbox 588 993 630 1040; x_wconf 92' lang='lat' dir='ltr'><strong>est</strong></span> <span class='ocrx_word' id='word_1_75' title='bbox 643 984 795 1040; x_wconf 86' lang='lat' dir='ltr'><strong>Bonilacius</strong></span> <span class='ocrx_word' id='word_1_76' title='bbox 808 983 948 1046; x_wconf 90' lang='lat' dir='ltr'><strong>diaeonus,</strong></span> 
     </span>
     <span class='ocr_line' id='line_1_13' title="bbox 164 1052 950 1122; baseline -0.013 -4"><span class='ocrx_word' id='word_1_77' title='bbox 164 1069 179 1100; x_wconf 81' lang='grc'><strong>1</strong></span> <span class='ocrx_word' id='word_1_78' title='bbox 194 1061 293 1117; x_wconf 88' lang='lat' dir='ltr'><strong>Servus</strong></span> <span class='ocrx_word' id='word_1_79' title='bbox 307 1054 497 1120; x_wconf 77' lang='lat' dir='ltr'><strong>subdiaconus,</strong></span> <span class='ocrx_word' id='word_1_80' title='bbox 521 1052 853 1122; x_wconf 84' lang='lat' dir='ltr'><strong>liustieussubdiaconus‚</strong></span> <span class='ocrx_word' id='word_1_81' title='bbox 873 1052 950 1108; x_wconf 83' lang='lat' dir='ltr'><strong>Libe·</strong></span> 
     </span>
     <span class='ocr_line' id='line_1_14' title="bbox 164 1123 949 1196; baseline -0.011 -9"><span class='ocrx_word' id='word_1_82' title='bbox 164 1127 338 1190; x_wconf 88' lang='lat' dir='ltr'><strong>ratuaabbaa,</strong></span> <span class='ocrx_word' id='word_1_83' title='bbox 347 1127 463 1196; x_wconf 88' lang='lat' dir='ltr'><strong>licgatus</strong></span> <span class='ocrx_word' id='word_1_84' title='bbox 476 1126 634 1189; x_wconf 80' lang='lat' dir='ltr'><strong>munacius,</strong></span> <span class='ocrx_word' id='word_1_85' title='bbox 646 1123 782 1192; x_wconf 85' lang='lat' dir='ltr'><strong>Septimus</strong></span> <span class='ocrx_word' id='word_1_86' title='bbox 790 1123 949 1188; x_wconf 83' lang='lat' dir='ltr'><strong>monachus,</strong></span> 
     </span>
     <span class='ocr_line' id='line_1_15' title="bbox 164 1193 949 1261; baseline -0.015 -4"><span class='ocrx_word' id='word_1_87' title='bbox 164 1208 191 1256; x_wconf 90' lang='lat' dir='ltr'><strong>et</strong></span> <span class='ocrx_word' id='word_1_88' title='bbox 211 1197 343 1256; x_wconf 86' lang='lat' dir='ltr'><strong>llaximus</strong></span> <span class='ocrx_word' id='word_1_89' title='bbox 365 1195 523 1261; x_wconf 87' lang='lat' dir='ltr'><strong>monachus,</strong></span> <span class='ocrx_word' id='word_1_90' title='bbox 539 1195 565 1249; x_wconf 92' lang='lat' dir='ltr'><strong>in</strong></span> <span class='ocrx_word' id='word_1_91' title='bbox 587 1208 700 1249; x_wconf 91' lang='lat' dir='ltr'><strong>numero</strong></span> <span class='ocrx_word' id='word_1_92' title='bbox 723 1194 827 1250; x_wconf 89' lang='lat' dir='ltr'><strong>scilicet</strong></span> <span class='ocrx_word' id='word_1_93' title='bbox 840 1193 949 1249; x_wconf 83' lang='lat' dir='ltr'><strong>blacha-</strong></span> 
     </span>
     <span class='ocr_line' id='line_1_16' title="bbox 164 1262 950 1334; baseline -0.013 -6"><span class='ocrx_word' id='word_1_94' title='bbox 164 1271 283 1327; x_wconf 79' lang='lat' dir='ltr'><strong>baeorum</strong></span> <span class='ocrx_word' id='word_1_95' title='bbox 298 1279 496 1334; x_wconf 85' lang='lat' dir='ltr'><strong>germannrum,</strong></span> <span class='ocrx_word' id='word_1_96' title='bbox 518 1278 585 1334; x_wconf 85' lang='lat' dir='ltr'><strong>quos</strong></span> <span class='ocrx_word' id='word_1_97' title='bbox 600 1278 652 1318; x_wconf 90' lang='lat' dir='ltr'><strong>una</strong></span> <span class='ocrx_word' id='word_1_98' title='bbox 668 1273 755 1320; x_wconf 89' lang='lat' dir='ltr'><strong>mater</strong></span> <span class='ocrx_word' id='word_1_99' title='bbox 770 1262 887 1318; x_wconf 80' lang='lat' dir='ltr'><strong>Ecclesia</strong></span> <span class='ocrx_word' id='word_1_100' title='bbox 904 1276 950 1318; x_wconf 88' lang='lat' dir='ltr'><strong>ca·</strong></span> 
     </span>
     <span class='ocr_line' id='line_1_17' title="bbox 165 1332 951 1404; baseline -0.008 -9"><span class='ocrx_word' id='word_1_101' title='bbox 165 1340 265 1396; x_wconf 85' lang='lat' dir='ltr'><strong>abolica</strong></span> <span class='ocrx_word' id='word_1_102' title='bbox 283 1344 431 1404; x_wconf 85' lang='lat' dir='ltr'><strong>genuerat,</strong></span> <span class='ocrx_word' id='word_1_103' title='bbox 450 1344 477 1392; x_wconf 90' lang='lat' dir='ltr'><strong>et</strong></span> <span class='ocrx_word' id='word_1_104' title='bbox 490 1348 539 1404; x_wconf 91' lang='lat' dir='ltr'><strong>per</strong></span> <span class='ocrx_word' id='word_1_105' title='bbox 560 1335 660 1388; x_wconf 90' lang='lat' dir='ltr'><strong>viscera</strong></span> <span class='ocrx_word' id='word_1_106' title='bbox 676 1332 758 1387; x_wconf 87' lang='lat' dir='ltr'><strong>lontis</strong></span> <span class='ocrx_word' id='word_1_107' title='bbox 770 1334 862 1388; x_wconf 82' lang='lat' dir='ltr'><strong>aetertti</strong></span> <span class='ocrx_word' id='word_1_108' title='bbox 878 1332 951 1389; x_wconf 87' lang='lat' dir='ltr'><strong>salu·</strong></span> 
     </span>
    </p>
   </div>
   <div class='ocr_carea' id='block_1_6' title="bbox 1000 488 1793 1408">
    <p class='ocr_par' dir='ltr' id='par_1_7' title="bbox 1000 488 1793 1408">
     <span class='ocr_line' id='line_1_18' title="bbox 1003 488 1793 559; baseline 0 -12"><span class='ocrx_word' id='word_1_109' title='bbox 1003 492 1075 547; x_wconf 93' lang='lat' dir='ltr'><strong>etin</strong></span> <span class='ocrx_word' id='word_1_110' title='bbox 1100 501 1172 547; x_wconf 88' lang='lat' dir='ltr'><strong>terra</strong></span> <span class='ocrx_word' id='word_1_111' title='bbox 1193 507 1243 559; x_wconf 85' lang='lat' dir='ltr'><strong>pax</strong></span> <span class='ocrx_word' id='word_1_112' title='bbox 1264 488 1416 546; x_wconf 79' lang='lat' dir='ltr'><strong>bominibus</strong></span> <span class='ocrx_word' id='word_1_113' title='bbox 1435 490 1513 546; x_wconf 86' lang='lat' dir='ltr'><strong>bouae</strong></span> <span class='ocrx_word' id='word_1_114' title='bbox 1527 489 1681 546; x_wconf 87' lang='lat' dir='ltr'><strong>voluntatis.</strong></span> <span class='ocrx_word' id='word_1_115' title='bbox 1697 489 1793 547; x_wconf 80' lang='lat' dir='ltr'><strong>i&#39;utiva</strong></span> 
     </span>
     <span class='ocr_line' id='line_1_19' title="bbox 1003 559 1791 618; baseline 0 -2"><span class='ocrx_word' id='word_1_116' title='bbox 1003 561 1081 616; x_wconf 89' lang='lat' dir='ltr'><strong>nobis</strong></span> <span class='ocrx_word' id='word_1_117' title='bbox 1107 561 1163 618; x_wconf 82' lang='lat' dir='ltr'><strong>bace</strong></span> <span class='ocrx_word' id='word_1_118' title='bbox 1178 563 1236 618; x_wconf 89' lang='lat' dir='ltr'><strong>dies</strong></span> <span class='ocrx_word' id='word_1_119' title='bbox 1257 569 1299 617; x_wconf 88' lang='lat' dir='ltr'><strong>est</strong></span> <span class='ocrx_word' id='word_1_120' title='bbox 1326 569 1354 616; x_wconf 87' lang='lat' dir='ltr'><strong>et</strong></span> <span class='ocrx_word' id='word_1_121' title='bbox 1376 561 1448 614; x_wconf 88' lang='lat' dir='ltr'><strong>canni</strong></span> <span class='ocrx_word' id='word_1_122' title='bbox 1472 559 1642 615; x_wconf 75' lang='lat' dir='ltr'><strong>solemnitate</strong></span> <span class='ocrx_word' id='word_1_123' title='bbox 1659 559 1791 616; x_wconf 76' lang='lat' dir='ltr'><strong>festivior.</strong></span> 
     </span>
     <span class='ocr_line' id='line_1_20' title="bbox 1002 629 1793 755; baseline -0.003 -67"><span class='ocrx_word' id='word_1_124' title='bbox 1002 632 1071 688; x_wconf 88' lang='lat' dir='ltr'><strong>Ecce</strong></span> <span class='ocrx_word' id='word_1_125' title='bbox 1081 632 1134 704; x_wconf 74' lang='grc'><strong>56</strong></span> <span class='ocrx_word' id='word_1_126' title='bbox 1144 646 1214 688; x_wconf 87' lang='lat' dir='ltr'><strong>nunc</strong></span> <span class='ocrx_word' id='word_1_127' title='bbox 1227 640 1330 755; x_wconf 80' lang='lat' dir='ltr'><strong>tempus</strong></span> <span class='ocrx_word' id='word_1_128' title='bbox 1341 629 1515 698; x_wconf 75' lang='lat' dir='ltr'><strong>acceptabile,</strong></span> <span class='ocrx_word' id='word_1_129' title='bbox 1525 645 1588 686; x_wconf 87' lang='lat' dir='ltr'><strong>ecce</strong></span> <span class='ocrx_word' id='word_1_130' title='bbox 1601 632 1736 686; x_wconf 87' lang='lat' dir='ltr'><strong>nuncdies</strong></span> <span class='ocrx_word' id='word_1_131' title='bbox 1749 647 1793 686; x_wconf 88' lang='lat' dir='ltr'><strong>sa·</strong></span> 
     </span>
     <span class='ocr_line' id='line_1_21' title="bbox 1002 700 1792 773; baseline -0.001 -15"><span class='ocrx_word' id='word_1_132' title='bbox 1002 703 1075 767; x_wconf 86' lang='lat' dir='ltr'><strong>lutis,</strong></span> <span class='ocrx_word' id='word_1_133' title='bbox 1087 704 1195 773; x_wconf 84' lang='lat' dir='ltr'><strong>quaudo</strong></span> <span class='ocrx_word' id='word_1_134' title='bbox 1210 716 1258 772; x_wconf 88' lang='lat' dir='ltr'><strong>pto</strong></span> <span class='ocrx_word' id='word_1_135' title='bbox 1295 700 1329 756; x_wconf 91' lang='lat' dir='ltr'><strong>de</strong></span> <span class='ocrx_word' id='word_1_136' title='bbox 1347 701 1452 755; x_wconf 85' lang='lat' dir='ltr'><strong>bomini</strong></span> <span class='ocrx_word' id='word_1_137' title='bbox 1469 700 1514 756; x_wconf 88' lang='lat' dir='ltr'><strong>liei</strong></span> <span class='ocrx_word' id='word_1_138' title='bbox 1530 701 1613 755; x_wconf 81' lang='lat' dir='ltr'><strong>nostri</strong></span> <span class='ocrx_word' id='word_1_139' title='bbox 1631 701 1792 770; x_wconf 87' lang='lat' dir='ltr'><strong>perierimus</strong></span> 
     </span>
     <span class='ocr_line' id='line_1_22' title="bbox 1000 771 1790 858; baseline -0.003 -30"><span class='ocrx_word' id='word_1_140' title='bbox 1000 772 1358 858; x_wconf 78' lang='lat' dir='ltr'><strong>preparatumsupplicium,</strong></span> <span class='ocrx_word' id='word_1_141' title='bbox 1372 787 1406 827; x_wconf 92' lang='lat' dir='ltr'><strong>ne</strong></span> <span class='ocrx_word' id='word_1_142' title='bbox 1415 771 1716 841; x_wconf 79' lang='lat' dir='ltr'><strong>amitumnsacqutsite</strong></span> <span class='ocrx_word' id='word_1_143' title='bbox 1726 773 1790 827; x_wconf 85' lang='lat' dir='ltr'><strong>lidci</strong></span> 
     </span>
     <span class='ocr_line' id='line_1_23' title="bbox 1002 841 1792 914; baseline -0.001 -16"><span class='ocrx_word' id='word_1_144' title='bbox 1002 843 1198 900; x_wconf 84' lang='lat' dir='ltr'><strong>indumentum.</strong></span> <span class='ocrx_word' id='word_1_145' title='bbox 1219 842 1271 898; x_wconf 88' lang='lat' dir='ltr'><strong>Sed</strong></span> <span class='ocrx_word' id='word_1_146' title='bbox 1291 850 1318 898; x_wconf 93' lang='lat' dir='ltr'><strong>et</strong></span> <span class='ocrx_word' id='word_1_147' title='bbox 1334 841 1440 914; x_wconf 87' lang='lat' dir='ltr'><strong>populis</strong></span> <span class='ocrx_word' id='word_1_148' title='bbox 1460 841 1565 909; x_wconf 89' lang='lat' dir='ltr'><strong>publica</strong></span> <span class='ocrx_word' id='word_1_149' title='bbox 1581 855 1646 896; x_wconf 90' lang='lat' dir='ltr'><strong>voce</strong></span> <span class='ocrx_word' id='word_1_150' title='bbox 1665 850 1676 878; x_wconf 75' lang='grc'><strong>1</strong></span> <span class='ocrx_word' id='word_1_151' title='bbox 1694 843 1792 896; x_wconf 83' lang='lat' dir='ltr'><strong>clarua-</strong></span> 
     </span>
     <span class='ocr_line' id='line_1_24' title="bbox 1002 910 1793 981; baseline -0.004 -12"><span class='ocrx_word' id='word_1_152' title='bbox 1002 914 1087 969; x_wconf 89' lang='lat' dir='ltr'><strong>bant:</strong></span> <span class='ocrx_word' id='word_1_153' title='bbox 1106 914 1146 972; x_wconf 87' lang='lat' dir='ltr'><strong>lie</strong></span> <span class='ocrx_word' id='word_1_154' title='bbox 1159 913 1286 976; x_wconf 86' lang='lat' dir='ltr'><strong>timeatis,</strong></span> <span class='ocrx_word' id='word_1_155' title='bbox 1310 926 1326 966; x_wconf 91' lang='lat' dir='ltr'><strong>c</strong></span> <span class='ocrx_word' id='word_1_156' title='bbox 1341 911 1430 981; x_wconf 88' lang='lat' dir='ltr'><strong>pupuli</strong></span> <span class='ocrx_word' id='word_1_157' title='bbox 1452 910 1498 966; x_wconf 88' lang='lat' dir='ltr'><strong>bei</strong></span> <span class='ocrx_word' id='word_1_158' title='bbox 1511 950 1518 976; x_wconf 95' lang='lat'><strong>,</strong></span> <span class='ocrx_word' id='word_1_159' title='bbox 1533 925 1619 978; x_wconf 81' lang='lat' dir='ltr'><strong>uenae</strong></span> <span class='ocrx_word' id='word_1_160' title='bbox 1641 910 1793 968; x_wconf 84' lang='lat' dir='ltr'><strong>lormidetis</strong></span> 
     </span>
     <span class='ocr_line' id='line_1_25' title="bbox 1001 981 1791 1071; baseline -0.001 -31"><span class='ocrx_word' id='word_1_161' title='bbox 1001 985 1088 1041; x_wconf 86' lang='lat' dir='ltr'><strong>minas</strong></span> <span class='ocrx_word' id='word_1_162' title='bbox 1098 997 1178 1054; x_wconf 84' lang='lat' dir='ltr'><strong>atque</strong></span> <span class='ocrx_word' id='word_1_163' title='bbox 1192 992 1310 1039; x_wconf 86' lang='lat' dir='ltr'><strong>terrores</strong></span> <span class='ocrx_word' id='word_1_164' title='bbox 1323 981 1494 1071; x_wconf 85' lang='lat' dir='ltr'><strong>praesentium</strong></span> <span class='ocrx_word' id='word_1_165' title='bbox 1507 981 1704 1037; x_wconf 84' lang='lat' dir='ltr'><strong>tribulationum</strong></span> <span class='ocrx_word' id='word_1_166' title='bbox 1721 1000 1728 1038; x_wconf 74' lang='grc' dir='ltr'>ε</span> <span class='ocrx_word' id='word_1_167' title='bbox 1744 983 1791 1039; x_wconf 77' lang='lat' dir='ltr'><strong>sed</strong></span> 
     </span>
     <span class='ocr_line' id='line_1_26' title="bbox 1001 1052 1791 1127; baseline -0.004 -16"><span class='ocrx_word' id='word_1_168' title='bbox 1001 1057 1089 1127; x_wconf 88' lang='lat' dir='ltr'><strong>potius</strong></span> <span class='ocrx_word' id='word_1_169' title='bbox 1101 1056 1300 1123; x_wconf 89' lang='lat' dir='ltr'><strong>moriamurpro</strong></span> <span class='ocrx_word' id='word_1_170' title='bbox 1312 1052 1430 1117; x_wconf 70' lang='lat' dir='ltr'><strong>cbristo,</strong></span> <span class='ocrx_word' id='word_1_171' title='bbox 1443 1053 1578 1122; x_wconf 82' lang='lat' dir='ltr'><strong>quornodc</strong></span> <span class='ocrx_word' id='word_1_172' title='bbox 1593 1063 1618 1107; x_wconf 89' lang='lat' dir='ltr'><strong>et</strong></span> <span class='ocrx_word' id='word_1_173' title='bbox 1635 1052 1692 1121; x_wconf 92' lang='lat' dir='ltr'><strong>ipse</strong></span> <span class='ocrx_word' id='word_1_174' title='bbox 1716 1069 1791 1108; x_wconf 92' lang='lat' dir='ltr'><strong>ruor-</strong></span> 
     </span>
     <span class='ocr_line' id='line_1_27' title="bbox 1002 1120 1790 1195; baseline -0.005 -13"><span class='ocrx_word' id='word_1_175' title='bbox 1002 1137 1064 1182; x_wconf 91' lang='lat' dir='ltr'><strong>tuus</strong></span> <span class='ocrx_word' id='word_1_176' title='bbox 1078 1135 1119 1181; x_wconf 85' lang='lat' dir='ltr'><strong>est</strong></span> <span class='ocrx_word' id='word_1_177' title='bbox 1129 1138 1178 1195; x_wconf 89' lang='lat' dir='ltr'><strong>pro</strong></span> <span class='ocrx_word' id='word_1_178' title='bbox 1191 1123 1278 1189; x_wconf 90' lang='lat' dir='ltr'><strong>nobis,</strong></span> <span class='ocrx_word' id='word_1_179' title='bbox 1290 1121 1424 1178; x_wconf 93' lang='lat' dir='ltr'><strong>redimeus</strong></span> <span class='ocrx_word' id='word_1_180' title='bbox 1437 1138 1486 1177; x_wconf 89' lang='lat' dir='ltr'><strong>nos</strong></span> <span class='ocrx_word' id='word_1_181' title='bbox 1502 1120 1512 1160; x_wconf 89' lang='grc'><strong>1</strong></span> <span class='ocrx_word' id='word_1_182' title='bbox 1530 1122 1615 1191; x_wconf 76' lang='lat' dir='ltr'><strong>parelio</strong></span> <span class='ocrx_word' id='word_1_183' title='bbox 1629 1124 1670 1177; x_wconf 90' lang='lat' dir='ltr'><strong>sni</strong></span> <span class='ocrx_word' id='word_1_184' title='bbox 1681 1125 1790 1190; x_wconf 72' lang='lat' dir='ltr'><strong>sangni-</strong></span> 
     </span>
     <span class='ocr_line' id='line_1_28' title="bbox 1001 1191 1791 1263; baseline -0.005 -11"><span class='ocrx_word' id='word_1_185' title='bbox 1001 1200 1045 1253; x_wconf 87' lang='lat' dir='ltr'><strong>uie</strong></span> <span class='ocrx_word' id='word_1_186' title='bbox 1059 1195 1193 1251; x_wconf 81' lang='lat' dir='ltr'><strong>saltatoria.</strong></span> <span class='ocrx_word' id='word_1_187' title='bbox 1205 1194 1292 1250; x_wconf 87' lang='lat' dir='ltr'><strong>linum</strong></span> <span class='ocrx_word' id='word_1_188' title='bbox 1307 1201 1394 1249; x_wconf 88' lang='lat' dir='ltr'><strong>tamen</strong></span> <span class='ocrx_word' id='word_1_189' title='bbox 1407 1191 1556 1247; x_wconf 85' lang='lat' dir='ltr'><strong>vehementi</strong></span> <span class='ocrx_word' id='word_1_190' title='bbox 1568 1201 1673 1259; x_wconf 87' lang='lat' dir='ltr'><strong>conatu,</strong></span> <span class='ocrx_word' id='word_1_191' title='bbox 1689 1195 1733 1263; x_wconf 86' lang='lat' dir='ltr'><strong>qni</strong></span> <span class='ocrx_word' id='word_1_192' title='bbox 1749 1194 1791 1248; x_wconf 87' lang='lat' dir='ltr'><strong>in·</strong></span> 
     </span>
     <span class='ocr_line' id='line_1_29' title="bbox 1003 1261 1790 1330; baseline -0.003 -9"><span class='ocrx_word' id='word_1_193' title='bbox 1003 1279 1046 1324; x_wconf 90' lang='lat' dir='ltr'><strong>ter</strong></span> <span class='ocrx_word' id='word_1_194' title='bbox 1057 1279 1105 1321; x_wconf 89' lang='lat' dir='ltr'><strong>eos</strong></span> <span class='ocrx_word' id='word_1_195' title='bbox 1122 1263 1268 1320; x_wconf 90' lang='lat' dir='ltr'><strong>iniantulus</strong></span> <span class='ocrx_word' id='word_1_196' title='bbox 1283 1261 1434 1329; x_wconf 83' lang='lat' dir='ltr'><strong>videbatur,</strong></span> <span class='ocrx_word' id='word_1_197' title='bbox 1449 1263 1557 1318; x_wconf 91' lang='lat' dir='ltr'><strong>nomino</strong></span> <span class='ocrx_word' id='word_1_198' title='bbox 1568 1263 1725 1330; x_wconf 76' lang='lat' dir='ltr'><strong>Maximum,</strong></span> <span class='ocrx_word' id='word_1_199' title='bbox 1742 1280 1790 1319; x_wconf 90' lang='lat' dir='ltr'><strong>cu·</strong></span> 
     </span>
     <span class='ocr_line' id='line_1_30' title="bbox 1002 1333 1791 1408; baseline 0 -18"><span class='ocrx_word' id='word_1_200' title='bbox 1002 1337 1112 1408; x_wconf 85' lang='lat' dir='ltr'><strong>plebant</strong></span> <span class='ocrx_word' id='word_1_201' title='bbox 1131 1342 1256 1391; x_wconf 78' lang='lat' dir='ltr'><strong>auctores</strong></span> <span class='ocrx_word' id='word_1_202' title='bbox 1281 1333 1412 1388; x_wconf 88' lang='lat' dir='ltr'><strong>malorum</strong></span> <span class='ocrx_word' id='word_1_203' title='bbox 1436 1349 1449 1385; x_wconf 90' lang='lat' dir='ltr'><strong>a</strong></span> <span class='ocrx_word' id='word_1_204' title='bbox 1477 1341 1629 1388; x_wconf 90' lang='lat' dir='ltr'><strong>sanctorum</strong></span> <span class='ocrx_word' id='word_1_205' title='bbox 1653 1337 1791 1390; x_wconf 86' lang='lat' dir='ltr'><strong>consortio</strong></span> 
     </span>
    </p>
   </div>
   <div class='ocr_carea' id='block_1_7' title="bbox 160 1401 1792 4578">
    <p class='ocr_par' dir='ltr' id='par_1_8' title="bbox 163 1401 1792 2888">
     <span class='ocr_line' id='line_1_31' title="bbox 164 1401 1792 1476; baseline -0.004 -11"><span class='ocrx_word' id='word_1_206' title='bbox 164 1411 249 1466; x_wconf 86' lang='lat' dir='ltr'><strong>briter</strong></span> <span class='ocrx_word' id='word_1_207' title='bbox 263 1413 423 1476; x_wconf 78' lang='lat' dir='ltr'><strong>pepererat,</strong></span> <span class='ocrx_word' id='word_1_208' title='bbox 437 1404 471 1460; x_wconf 93' lang='lat' dir='ltr'><strong>de</strong></span> <span class='ocrx_word' id='word_1_209' title='bbox 487 1401 648 1459; x_wconf 69' lang='lat' dir='ltr'><strong>territorio¹³</strong></span> <span class='ocrx_word' id='word_1_210' title='bbox 670 1401 813 1472; x_wconf 84' lang='lat' dir='ltr'><strong>capsensis</strong></span> <span class='ocrx_word' id='word_1_211' title='bbox 822 1402 948 1467; x_wconf 88' lang='lat' dir='ltr'><strong>civitatis,</strong></span> <span class='ocrx_word' id='word_1_212' title='bbox 1003 1421 1140 1476; x_wconf 89' lang='lat' dir='ltr'><strong>separare,</strong></span> <span class='ocrx_word' id='word_1_213' title='bbox 1154 1405 1275 1460; x_wconf 88' lang='lat' dir='ltr'><strong>dicentes</strong></span> <span class='ocrx_word' id='word_1_214' title='bbox 1293 1422 1300 1458; x_wconf 77' lang='grc' dir='ltr'>ι</span> <span class='ocrx_word' id='word_1_215' title='bbox 1318 1402 1457 1469; x_wconf 87' lang='lat' dir='ltr'><strong>lrtiantule,</strong></span> <span class='ocrx_word' id='word_1_216' title='bbox 1470 1404 1531 1472; x_wconf 79' lang='lat' dir='ltr'><strong>quid</strong></span> <span class='ocrx_word' id='word_1_217' title='bbox 1548 1404 1656 1460; x_wconf 79' lang='lat' dir='ltr'><strong>festinas</strong></span> <span class='ocrx_word' id='word_1_218' title='bbox 1669 1406 1702 1457; x_wconf 90' lang='lat' dir='ltr'><strong>ad</strong></span> <span class='ocrx_word' id='word_1_219' title='bbox 1718 1415 1792 1459; x_wconf 87' lang='lat' dir='ltr'><strong>ruar-</strong></span> 
     </span>
     <span class='ocr_line' id='line_1_32' title="bbox 164 1473 1790 1546; baseline -0.004 -11"><span class='ocrx_word' id='word_1_220' title='bbox 164 1481 207 1536; x_wconf 92' lang='lat' dir='ltr'><strong>cui</strong></span> <span class='ocrx_word' id='word_1_221' title='bbox 219 1475 325 1546; x_wconf 78' lang='lat' dir='ltr'><strong>pratulo</strong></span> <span class='ocrx_word' id='word_1_222' title='bbox 338 1473 628 1532; x_wconf 79' lang='lat' dir='ltr'><strong>sanctusiiodemialis</strong></span> <span class='ocrx_word' id='word_1_223' title='bbox 640 1473 765 1528; x_wconf 88' lang='lat' dir='ltr'><strong>sacerdos</strong></span> <span class='ocrx_word' id='word_1_224' title='bbox 778 1473 911 1544; x_wconf 83' lang='lat' dir='ltr'><strong>egregius,</strong></span> <span class='ocrx_word' id='word_1_225' title='bbox 922 1482 950 1529; x_wconf 92' lang='lat' dir='ltr'><strong>et</strong></span> <span class='ocrx_word' id='word_1_226' title='bbox 1007 1477 1081 1532; x_wconf 89' lang='lat' dir='ltr'><strong>teml</strong></span> <span class='ocrx_word' id='word_1_227' title='bbox 1095 1476 1199 1532; x_wconf 78' lang='lat' dir='ltr'><strong>dimitte</strong></span> <span class='ocrx_word' id='word_1_228' title='bbox 1219 1488 1281 1542; x_wconf 89' lang='lat' dir='ltr'><strong>eos,</strong></span> <span class='ocrx_word' id='word_1_229' title='bbox 1297 1474 1447 1537; x_wconf 90' lang='lat' dir='ltr'><strong>insaniunt,</strong></span> <span class='ocrx_word' id='word_1_230' title='bbox 1467 1481 1494 1528; x_wconf 89' lang='lat' dir='ltr'><strong>et</strong></span> <span class='ocrx_word' id='word_1_231' title='bbox 1506 1473 1567 1528; x_wconf 93' lang='lat' dir='ltr'><strong>audi</strong></span> <span class='ocrx_word' id='word_1_232' title='bbox 1585 1474 1723 1528; x_wconf 87' lang='lat' dir='ltr'><strong>consilium</strong></span> <span class='ocrx_word' id='word_1_233' title='bbox 1740 1490 1790 1529; x_wconf 91' lang='lat' dir='ltr'><strong>no-</strong></span> 
     </span>
     <span class='ocr_line' id='line_1_33' title="bbox 165 1542 1790 1667; baseline -0.002 -62"><span class='ocrx_word' id='word_1_234' title='bbox 165 1548 263 1605; x_wconf 81' lang='lat' dir='ltr'><strong>Cbristi</strong></span> <span class='ocrx_word' id='word_1_235' title='bbox 284 1545 370 1602; x_wconf 91' lang='lat' dir='ltr'><strong>lidelia</strong></span> <span class='ocrx_word' id='word_1_236' title='bbox 392 1546 513 1600; x_wconf 87' lang='lat' dir='ltr'><strong>antistes.</strong></span> <span class='ocrx_word' id='word_1_237' title='bbox 533 1543 635 1667; x_wconf 50' lang='lat' dir='ltr'><strong>Quiws</strong></span> <span class='ocrx_word' id='word_1_238' title='bbox 655 1543 776 1597; x_wconf 82' lang='lat' dir='ltr'><strong>attractis</strong></span> <span class='ocrx_word' id='word_1_239' title='bbox 797 1544 831 1597; x_wconf 91' lang='lat' dir='ltr'><strong>ad</strong></span> <span class='ocrx_word' id='word_1_240' title='bbox 856 1542 949 1597; x_wconf 91' lang='lat' dir='ltr'><strong>urbem</strong></span> <span class='ocrx_word' id='word_1_241' title='bbox 1001 1556 1109 1613; x_wconf 87' lang='lat' dir='ltr'><strong>strum,</strong></span> <span class='ocrx_word' id='word_1_242' title='bbox 1124 1553 1153 1601; x_wconf 90' lang='lat' dir='ltr'><strong>ut</strong></span> <span class='ocrx_word' id='word_1_243' title='bbox 1171 1544 1258 1616; x_wconf 86' lang='lat' dir='ltr'><strong>possis</strong></span> <span class='ocrx_word' id='word_1_244' title='bbox 1280 1543 1400 1599; x_wconf 90' lang='lat' dir='ltr'><strong>invenire</strong></span> <span class='ocrx_word' id='word_1_245' title='bbox 1418 1543 1480 1597; x_wconf 80' lang='lat' dir='ltr'><strong>ritae</strong></span> <span class='ocrx_word' id='word_1_246' title='bbox 1500 1545 1657 1609; x_wconf 90' lang='lat' dir='ltr'><strong>remedium,</strong></span> <span class='ocrx_word' id='word_1_247' title='bbox 1673 1553 1701 1599; x_wconf 92' lang='lat' dir='ltr'><strong>et</strong></span> <span class='ocrx_word' id='word_1_248' title='bbox 1725 1547 1790 1602; x_wconf 90' lang='lat' dir='ltr'><strong>tanti</strong></span> 
     </span>
     <span class='ocr_line' id='line_1_34' title="bbox 164 1612 1791 1689; baseline -0.005 -13"><span class='ocrx_word' id='word_1_249' title='bbox 164 1618 416 1689; x_wconf 72' lang='lat' dir='ltr'><strong>Carthaginensem,</strong></span> <span class='ocrx_word' id='word_1_250' title='bbox 433 1617 519 1685; x_wconf 90' lang='lat' dir='ltr'><strong>primo</strong></span> <span class='ocrx_word' id='word_1_251' title='bbox 530 1616 569 1668; x_wconf 90' lang='lat' dir='ltr'><strong>eis</strong></span> <span class='ocrx_word' id='word_1_252' title='bbox 583 1613 591 1666; x_wconf 93' lang='lat' dir='ltr'><strong>i</strong></span> <span class='ocrx_word' id='word_1_253' title='bbox 613 1612 750 1669; x_wconf 88' lang='lat' dir='ltr'><strong>ecebrosis</strong></span> <span class='ocrx_word' id='word_1_254' title='bbox 762 1612 951 1669; x_wconf 77' lang='lat' dir='ltr'><strong>blandimentis</strong></span> <span class='ocrx_word' id='word_1_255' title='bbox 1002 1620 1073 1687; x_wconf 89' lang='lat' dir='ltr'><strong>regis</strong></span> <span class='ocrx_word' id='word_1_256' title='bbox 1090 1617 1165 1673; x_wconf 88' lang='lat' dir='ltr'><strong>adire</strong></span> <span class='ocrx_word' id='word_1_257' title='bbox 1184 1614 1322 1686; x_wconf 87' lang='lat' dir='ltr'><strong>palatium.</strong></span> <span class='ocrx_word' id='word_1_258' title='bbox 1343 1613 1418 1669; x_wconf 85' lang='lat' dir='ltr'><strong>&#39;lunc</strong></span> <span class='ocrx_word' id='word_1_259' title='bbox 1437 1613 1498 1678; x_wconf 91' lang='lat' dir='ltr'><strong>ille,</strong></span> <span class='ocrx_word' id='word_1_260' title='bbox 1513 1623 1591 1669; x_wconf 80' lang='lat' dir='ltr'><strong>utate</strong></span> <span class='ocrx_word' id='word_1_261' title='bbox 1605 1615 1709 1684; x_wconf 79' lang='lat' dir='ltr'><strong>urridens</strong></span> <span class='ocrx_word' id='word_1_262' title='bbox 1726 1630 1791 1684; x_wconf 88' lang='lat' dir='ltr'><strong>pue·</strong></span> 
     </span>
     <span class='ocr_line' id='line_1_35' title="bbox 165 1682 1791 1761; baseline -0.002 -16"><span class='ocrx_word' id='word_1_263' title='bbox 165 1703 276 1761; x_wconf 88' lang='lat' dir='ltr'><strong>serpens</strong></span> <span class='ocrx_word' id='word_1_264' title='bbox 291 1687 375 1743; x_wconf 83' lang='lat' dir='ltr'><strong>voluit</strong></span> <span class='ocrx_word' id='word_1_265' title='bbox 385 1686 508 1751; x_wconf 88' lang='lat' dir='ltr'><strong>sibilare,</strong></span> <span class='ocrx_word' id='word_1_266' title='bbox 521 1683 678 1753; x_wconf 89' lang='lat' dir='ltr'><strong>promittens</strong></span> <span class='ocrx_word' id='word_1_267' title='bbox 693 1684 808 1738; x_wconf 88' lang='lat' dir='ltr'><strong>ltonores</strong></span> <span class='ocrx_word' id='word_1_268' title='bbox 821 1682 949 1751; x_wconf 91' lang='lat' dir='ltr'><strong>caducos,</strong></span> <span class='ocrx_word' id='word_1_269' title='bbox 1002 1689 1058 1759; x_wconf 83' lang='lat' dir='ltr'><strong>rili,</strong></span> <span class='ocrx_word' id='word_1_270' title='bbox 1074 1688 1150 1744; x_wconf 85' lang='lat' dir='ltr'><strong>senili</strong></span> <span class='ocrx_word' id='word_1_271' title='bbox 1170 1696 1258 1740; x_wconf 86' lang='lat' dir='ltr'><strong>tameo</strong></span> <span class='ocrx_word' id='word_1_272' title='bbox 1282 1685 1453 1748; x_wconf 88' lang='lat' dir='ltr'><strong>maturitate,</strong></span> <span class='ocrx_word' id='word_1_273' title='bbox 1469 1684 1601 1739; x_wconf 89' lang='lat' dir='ltr'><strong>clamabat</strong></span> <span class='ocrx_word' id='word_1_274' title='bbox 1623 1701 1630 1738; x_wconf 75' lang='grc' dir='ltr'><strong><em>ε</em></strong></span> <span class='ocrx_word' id='word_1_275' title='bbox 1646 1685 1730 1740; x_wconf 84' lang='lat' dir='ltr'><strong>ileum</strong></span> <span class='ocrx_word' id='word_1_276' title='bbox 1747 1703 1791 1742; x_wconf 83' lang='lat' dir='ltr'><strong>nte</strong></span> 
     </span>
     <span class='ocr_line' id='line_1_36' title="bbox 164 1753 1790 1853; baseline -0.004 -36"><span class='ocrx_word' id='word_1_277' title='bbox 164 1770 191 1817; x_wconf 88' lang='lat' dir='ltr'><strong>et</strong></span> <span class='ocrx_word' id='word_1_278' title='bbox 210 1759 317 1815; x_wconf 91' lang='lat' dir='ltr'><strong>divitias</strong></span> <span class='ocrx_word' id='word_1_279' title='bbox 336 1756 482 1828; x_wconf 88' lang='lat' dir='ltr'><strong>ingentium</strong></span> <span class='ocrx_word' id='word_1_280' title='bbox 505 1754 686 1824; x_wconf 66' lang='lat' dir='ltr'><strong>voluptatum</strong></span> <span class='ocrx_word' id='word_1_281' title='bbox 704 1767 753 1809; x_wconf 89' lang='lat' dir='ltr'><strong>nec</strong></span> <span class='ocrx_word' id='word_1_282' title='bbox 768 1765 820 1808; x_wconf 92' lang='lat' dir='ltr'><strong>nou</strong></span> <span class='ocrx_word' id='word_1_283' title='bbox 835 1761 863 1807; x_wconf 90' lang='lat' dir='ltr'><strong>et</strong></span> <span class='ocrx_word' id='word_1_284' title='bbox 880 1753 950 1824; x_wconf 86' lang='lat' dir='ltr'><strong>regis</strong></span> <span class='ocrx_word' id='word_1_285' title='bbox 964 1790 989 1853; x_wconf 60' lang='lat' dir='ltr'>B</span> <span class='ocrx_word' id='word_1_286' title='bbox 1002 1757 1090 1832; x_wconf 68' lang='lat' dir='ltr'><strong>idon,</strong></span> <span class='ocrx_word' id='word_1_287' title='bbox 1105 1754 1222 1828; x_wconf 76' lang='lat' dir='ltr'><strong>separet]</strong></span> <span class='ocrx_word' id='word_1_288' title='bbox 1237 1764 1344 1824; x_wconf 89' lang='lat' dir='ltr'><strong>separat</strong></span> <span class='ocrx_word' id='word_1_289' title='bbox 1361 1769 1376 1810; x_wconf 88' lang='lat' dir='ltr'><strong>a</strong></span> <span class='ocrx_word' id='word_1_290' title='bbox 1395 1761 1487 1810; x_wconf 87' lang='lat' dir='ltr'><strong>sancto</strong></span> <span class='ocrx_word' id='word_1_291' title='bbox 1502 1762 1577 1823; x_wconf 91' lang='lat' dir='ltr'><strong>patre</strong></span> <span class='ocrx_word' id='word_1_292' title='bbox 1589 1770 1648 1810; x_wconf 87' lang='lat' dir='ltr'><strong>meo</strong></span> <span class='ocrx_word' id='word_1_293' title='bbox 1665 1756 1790 1811; x_wconf 72' lang='lat' dir='ltr'><strong>liberato</strong></span> 
     </span>
     <span class='ocr_line' id='line_1_37' title="bbox 164 1823 1791 1896; baseline -0.002 -11"><span class='ocrx_word' id='word_1_294' title='bbox 164 1830 326 1895; x_wconf 87' lang='lat' dir='ltr'><strong>amicitiam,</strong></span> <span class='ocrx_word' id='word_1_295' title='bbox 341 1829 385 1885; x_wconf 85' lang='lat' dir='ltr'><strong>vel</strong></span> <span class='ocrx_word' id='word_1_296' title='bbox 399 1828 449 1881; x_wconf 89' lang='lat' dir='ltr'><strong>alia</strong></span> <span class='ocrx_word' id='word_1_297' title='bbox 473 1824 568 1892; x_wconf 87' lang='lat' dir='ltr'><strong>multa,</strong></span> <span class='ocrx_word' id='word_1_298' title='bbox 592 1837 652 1895; x_wconf 81' lang='lat' dir='ltr'><strong>quae</strong></span> <span class='ocrx_word' id='word_1_299' title='bbox 665 1824 752 1880; x_wconf 89' lang='lat' dir='ltr'><strong>solent</strong></span> <span class='ocrx_word' id='word_1_300' title='bbox 769 1823 948 1893; x_wconf 88' lang='lat' dir='ltr'><strong>insipientium</strong></span> <span class='ocrx_word' id='word_1_301' title='bbox 1002 1829 1109 1896; x_wconf 88' lang='lat' dir='ltr'><strong>abbate,</strong></span> <span class='ocrx_word' id='word_1_302' title='bbox 1123 1839 1150 1885; x_wconf 93' lang='lat' dir='ltr'><strong>et</strong></span> <span class='ocrx_word' id='word_1_303' title='bbox 1163 1825 1292 1882; x_wconf 89' lang='lat' dir='ltr'><strong>iratribus</strong></span> <span class='ocrx_word' id='word_1_304' title='bbox 1305 1824 1390 1890; x_wconf 91' lang='lat' dir='ltr'><strong>meis,</strong></span> <span class='ocrx_word' id='word_1_305' title='bbox 1403 1825 1447 1896; x_wconf 88' lang='lat' dir='ltr'><strong>qui</strong></span> <span class='ocrx_word' id='word_1_306' title='bbox 1464 1839 1506 1880; x_wconf 91' lang='lat' dir='ltr'><strong>me</strong></span> <span class='ocrx_word' id='word_1_307' title='bbox 1522 1827 1547 1878; x_wconf 95' lang='lat' dir='ltr'><strong>in</strong></span> <span class='ocrx_word' id='word_1_308' title='bbox 1564 1827 1727 1881; x_wconf 90' lang='lat' dir='ltr'><strong>monasterio</strong></span> <span class='ocrx_word' id='word_1_309' title='bbox 1740 1842 1791 1881; x_wconf 85' lang='lat' dir='ltr'><strong>nu·</strong></span> 
     </span>
     <span class='ocr_line' id='line_1_38' title="bbox 164 1893 1788 1969; baseline -0.001 -16"><span class='ocrx_word' id='word_1_310' title='bbox 164 1901 283 1967; x_wconf 90' lang='lat' dir='ltr'><strong>animas,</strong></span> <span class='ocrx_word' id='word_1_311' title='bbox 297 1905 445 1969; x_wconf 86' lang='lat' dir='ltr'><strong>atrcupaute</strong></span> <span class='ocrx_word' id='word_1_312' title='bbox 458 1893 583 1961; x_wconf 91' lang='lat' dir='ltr'><strong>diabolo,</strong></span> <span class='ocrx_word' id='word_1_313' title='bbox 600 1895 673 1950; x_wconf 91' lang='lat' dir='ltr'><strong>visco</strong></span> <span class='ocrx_word' id='word_1_314' title='bbox 690 1893 817 1949; x_wconf 90' lang='lat' dir='ltr'><strong>mundiali</strong></span> <span class='ocrx_word' id='word_1_315' title='bbox 829 1904 949 1963; x_wconf 83' lang='lat' dir='ltr'><strong>captare.</strong></span> <span class='ocrx_word' id='word_1_316' title='bbox 1003 1898 1203 1955; x_wconf 72' lang='lat' dir='ltr'><strong>aeternandum</strong></span> <span class='ocrx_word' id='word_1_317' title='bbox 1218 1897 1283 1965; x_wconf 86' lang='lat' dir='ltr'><strong>ipsis</strong></span> <span class='ocrx_word' id='word_1_318' title='bbox 1301 1911 1361 1949; x_wconf 83' lang='lat' dir='ltr'><strong>sum</strong></span> <span class='ocrx_word' id='word_1_319' title='bbox 1377 1895 1404 1950; x_wconf 92' lang='lat' dir='ltr'><strong>in</strong></span> <span class='ocrx_word' id='word_1_320' title='bbox 1423 1896 1519 1950; x_wconf 88' lang='lat' dir='ltr'><strong>timore</strong></span> <span class='ocrx_word' id='word_1_321' title='bbox 1537 1895 1582 1950; x_wconf 81' lang='lat' dir='ltr'><strong>liei</strong></span> <span class='ocrx_word' id='word_1_322' title='bbox 1598 1907 1788 1965; x_wconf 85' lang='lat' dir='ltr'><strong>conversatus,</strong></span> 
     </span>
     <span class='ocr_line' id='line_1_39' title="bbox 164 1964 1787 2040; baseline -0.004 -13"><span class='ocrx_word' id='word_1_323' title='bbox 164 1970 217 2027; x_wconf 85' lang='lat' dir='ltr'><strong>Sed</strong></span> <span class='ocrx_word' id='word_1_324' title='bbox 230 1970 286 2027; x_wconf 79' lang='lat' dir='ltr'><strong>nac</strong></span> <span class='ocrx_word' id='word_1_325' title='bbox 301 1972 390 2027; x_wconf 89' lang='lat' dir='ltr'><strong>omnia</strong></span> <span class='ocrx_word' id='word_1_326' title='bbox 403 1965 500 2022; x_wconf 82' lang='lat' dir='ltr'><strong>Christi</strong></span> <span class='ocrx_word' id='word_1_327' title='bbox 519 1964 617 2020; x_wconf 89' lang='lat' dir='ltr'><strong>milites</strong></span> <span class='ocrx_word' id='word_1_328' title='bbox 631 1976 663 2019; x_wconf 88' lang='lat' dir='ltr'><strong>ac</strong></span> <span class='ocrx_word' id='word_1_329' title='bbox 673 1965 695 2019; x_wconf 91' lang='lat' dir='ltr'><strong>si</strong></span> <span class='ocrx_word' id='word_1_330' title='bbox 709 1966 829 2033; x_wconf 88' lang='lat' dir='ltr'><strong>contagia</strong></span> <span class='ocrx_word' id='word_1_331' title='bbox 845 1978 887 2019; x_wconf 90' lang='lat' dir='ltr'><strong>res</strong></span> <span class='ocrx_word' id='word_1_332' title='bbox 909 1981 952 2021; x_wconf 89' lang='lat' dir='ltr'><strong>ue·</strong></span> <span class='ocrx_word' id='word_1_333' title='bbox 1001 1984 1062 2026; x_wconf 87' lang='lat' dir='ltr'><strong>cum</strong></span> <span class='ocrx_word' id='word_1_334' title='bbox 1077 1969 1142 2040; x_wconf 81' lang='lat' dir='ltr'><strong>ipsis</strong></span> <span class='ocrx_word' id='word_1_335' title='bbox 1155 1966 1279 2022; x_wconf 90' lang='lat' dir='ltr'><strong>desidero</strong></span> <span class='ocrx_word' id='word_1_336' title='bbox 1290 1967 1442 2036; x_wconf 86' lang='lat' dir='ltr'><strong>passionem</strong></span> <span class='ocrx_word' id='word_1_337' title='bbox 1457 1966 1603 2033; x_wconf 83' lang='lat' dir='ltr'><strong>suscipere,</strong></span> <span class='ocrx_word' id='word_1_338' title='bbox 1615 1982 1674 2022; x_wconf 94' lang='lat' dir='ltr'><strong>cutn</strong></span> <span class='ocrx_word' id='word_1_339' title='bbox 1688 1967 1787 2037; x_wconf 81' lang='lat' dir='ltr'><strong>quibus</strong></span> 
     </span>
     <span class='ocr_line' id='line_1_40' title="bbox 164 1980 1789 2107; baseline -0.002 -11"><span class='ocrx_word' id='word_1_340' title='bbox 164 2051 237 2107; x_wconf 91' lang='lat' dir='ltr'><strong>ruvrt,</strong></span> <span class='ocrx_word' id='word_1_341' title='bbox 247 2040 393 2098; x_wconf 89' lang='lat' dir='ltr'><strong>clamantes</strong></span> <span class='ocrx_word' id='word_1_342' title='bbox 403 2053 456 2093; x_wconf 92' lang='lat' dir='ltr'><strong>uuo</strong></span> <span class='ocrx_word' id='word_1_343' title='bbox 468 2049 515 2091; x_wconf 92' lang='lat' dir='ltr'><strong>ore</strong></span> <span class='ocrx_word' id='word_1_344' title='bbox 530 2053 538 2092; x_wconf 73' lang='grc' dir='ltr'>ε</span> <span class='ocrx_word' id='word_1_345' title='bbox 553 2033 628 2091; x_wconf 88' lang='lat' dir='ltr'><strong>Uuua</strong></span> <span class='ocrx_word' id='word_1_346' title='bbox 644 2035 786 2099; x_wconf 81' lang='lat' dir='ltr'><strong>Dominus,</strong></span> <span class='ocrx_word' id='word_1_347' title='bbox 798 2050 850 2090; x_wconf 88' lang='lat' dir='ltr'><strong>una</strong></span> <span class='ocrx_word' id='word_1_348' title='bbox 864 1980 950 2102; x_wconf 65' lang='lat' dir='ltr'><strong>urfa,</strong></span> <span class='ocrx_word' id='word_1_349' title='bbox 1001 2039 1083 2097; x_wconf 92' lang='lat' dir='ltr'><strong>credo</strong></span> <span class='ocrx_word' id='word_1_350' title='bbox 1096 2054 1139 2095; x_wconf 91' lang='lat' dir='ltr'><strong>me</strong></span> <span class='ocrx_word' id='word_1_351' title='bbox 1152 2047 1180 2094; x_wconf 91' lang='lat' dir='ltr'><strong>et</strong></span> <span class='ocrx_word' id='word_1_352' title='bbox 1191 2038 1306 2093; x_wconf 88' lang='lat' dir='ltr'><strong>lutttraur</strong></span> <span class='ocrx_word' id='word_1_353' title='bbox 1322 2037 1433 2107; x_wconf 88' lang='lat' dir='ltr'><strong>gloriam</strong></span> <span class='ocrx_word' id='word_1_354' title='bbox 1447 2036 1577 2092; x_wconf 89' lang='lat' dir='ltr'><strong>invenire.</strong></span> <span class='ocrx_word' id='word_1_355' title='bbox 1590 2037 1676 2092; x_wconf 83' lang='lat' dir='ltr'><strong>Nolite</strong></span> <span class='ocrx_word' id='word_1_356' title='bbox 1692 2048 1789 2105; x_wconf 86' lang='lat' dir='ltr'><strong>putare</strong></span> 
     </span>
     <span class='ocr_line' id='line_1_41' title="bbox 164 2103 1789 2182; baseline -0.002 -16"><span class='ocrx_word' id='word_1_357' title='bbox 164 2126 246 2167; x_wconf 91' lang='lat' dir='ltr'><strong>ttnurn</strong></span> <span class='ocrx_word' id='word_1_358' title='bbox 258 2111 399 2182; x_wconf 88' lang='lat' dir='ltr'><strong>baptisma.</strong></span> <span class='ocrx_word' id='word_1_359' title='bbox 417 2107 472 2163; x_wconf 87' lang='lat' dir='ltr'><strong>lieo</strong></span> <span class='ocrx_word' id='word_1_360' title='bbox 487 2105 585 2176; x_wconf 89' lang='lat' dir='ltr'><strong>poterit</strong></span> <span class='ocrx_word' id='word_1_361' title='bbox 599 2103 627 2159; x_wconf 93' lang='lat' dir='ltr'><strong>in</strong></span> <span class='ocrx_word' id='word_1_362' title='bbox 641 2103 728 2168; x_wconf 90' lang='lat' dir='ltr'><strong>nobis,</strong></span> <span class='ocrx_word' id='word_1_363' title='bbox 740 2103 883 2175; x_wconf 87' lang='lat' dir='ltr'><strong>adjuvante</strong></span> <span class='ocrx_word' id='word_1_364' title='bbox 899 2106 951 2162; x_wconf 87' lang='lat' dir='ltr'><strong>llo·</strong></span> <span class='ocrx_word' id='word_1_365' title='bbox 1001 2112 1062 2178; x_wconf 81' lang='lat' dir='ltr'><strong>quia</strong></span> <span class='ocrx_word' id='word_1_366' title='bbox 1090 2109 1197 2180; x_wconf 84' lang='lat' dir='ltr'><strong>possitis</strong></span> <span class='ocrx_word' id='word_1_367' title='bbox 1216 2107 1345 2163; x_wconf 89' lang='lat' dir='ltr'><strong>seducere</strong></span> <span class='ocrx_word' id='word_1_368' title='bbox 1364 2107 1503 2177; x_wconf 88' lang='lat' dir='ltr'><strong>pueritiam</strong></span> <span class='ocrx_word' id='word_1_369' title='bbox 1519 2121 1621 2172; x_wconf 81' lang='lat' dir='ltr'><strong>meant3</strong></span> <span class='ocrx_word' id='word_1_370' title='bbox 1637 2109 1715 2161; x_wconf 89' lang='lat' dir='ltr'><strong>simui</strong></span> <span class='ocrx_word' id='word_1_371' title='bbox 1739 2123 1789 2163; x_wconf 85' lang='lat' dir='ltr'><strong>nos</strong></span> 
     </span>
     <span class='ocr_line' id='line_1_42' title="bbox 165 2174 1789 2250; baseline -0.002 -13"><span class='ocrx_word' id='word_1_372' title='bbox 165 2180 255 2249; x_wconf 91' lang='lat' dir='ltr'><strong>mino,</strong></span> <span class='ocrx_word' id='word_1_373' title='bbox 271 2179 378 2246; x_wconf 88' lang='lat' dir='ltr'><strong>iterari,</strong></span> <span class='ocrx_word' id='word_1_374' title='bbox 393 2176 464 2250; x_wconf 85' lang='lat' dir='ltr'><strong>quod</strong></span> <span class='ocrx_word' id='word_1_375' title='bbox 479 2177 505 2230; x_wconf 91' lang='lat' dir='ltr'><strong>in</strong></span> <span class='ocrx_word' id='word_1_376' title='bbox 521 2183 615 2230; x_wconf 88' lang='lat' dir='ltr'><strong>satrctu</strong></span> <span class='ocrx_word' id='word_1_377' title='bbox 628 2174 950 2246; x_wconf 80' lang='lat' dir='ltr'><strong>livangelioscmelprae·</strong></span> <span class='ocrx_word' id='word_1_378' title='bbox 1001 2179 1130 2236; x_wconf 86' lang='lat' dir='ltr'><strong>Dominus</strong></span> <span class='ocrx_word' id='word_1_379' title='bbox 1148 2176 1443 2248; x_wconf 82' lang='lat' dir='ltr'><strong>septemvoiuitcongr</strong></span> <span class='ocrx_word' id='word_1_380' title='bbox 1477 2177 1789 2245; x_wconf 76' lang='lat' dir='ltr'><strong>ara,srtnuidignabitur</strong></span> 
     </span>
     <span class='ocr_line' id='line_1_43' title="bbox 164 2191 1788 2321; baseline -0.001 -15"><span class='ocrx_word' id='word_1_381' title='bbox 164 2260 270 2321; x_wconf 87' lang='lat' dir='ltr'><strong>ceptum</strong></span> <span class='ocrx_word' id='word_1_382' title='bbox 280 2262 322 2309; x_wconf 90' lang='lat' dir='ltr'><strong>est</strong></span> <span class='ocrx_word' id='word_1_383' title='bbox 334 2249 392 2305; x_wconf 90' lang='lat' dir='ltr'><strong>dari</strong></span> <span class='ocrx_word' id='word_1_384' title='bbox 408 2267 415 2302; x_wconf 78' lang='lat' dir='ltr'><strong>t</strong></span> <span class='ocrx_word' id='word_1_385' title='bbox 429 2247 475 2319; x_wconf 84' lang='lat' dir='ltr'><strong>qui</strong></span> <span class='ocrx_word' id='word_1_386' title='bbox 488 2246 572 2303; x_wconf 86' lang='lat' dir='ltr'><strong>semel</strong></span> <span class='ocrx_word' id='word_1_387' title='bbox 590 2245 661 2301; x_wconf 87' lang='lat' dir='ltr'><strong>lotus</strong></span> <span class='ocrx_word' id='word_1_388' title='bbox 675 2255 727 2310; x_wconf 90' lang='lat' dir='ltr'><strong>est,</strong></span> <span class='ocrx_word' id='word_1_389' title='bbox 742 2260 795 2300; x_wconf 91' lang='lat' dir='ltr'><strong>uon</strong></span> <span class='ocrx_word' id='word_1_390' title='bbox 811 2247 891 2303; x_wconf 90' lang='lat' dir='ltr'><strong>ltabet</strong></span> <span class='ocrx_word' id='word_1_391' title='bbox 903 2262 951 2303; x_wconf 91' lang='lat' dir='ltr'><strong>ne·</strong></span> <span class='ocrx_word' id='word_1_392' title='bbox 1001 2265 1153 2308; x_wconf 88' lang='lat' dir='ltr'><strong>omnesuuo</strong></span> <span class='ocrx_word' id='word_1_393' title='bbox 1165 2249 1295 2320; x_wconf 70' lang='lat' dir='ltr'><strong>martyrio</strong></span> <span class='ocrx_word' id='word_1_394' title='bbox 1305 2191 1597 2314; x_wconf 44' lang='lat' dir='ltr'><strong>coronareessuonmdo</strong></span> <span class='ocrx_word' id='word_1_395' title='bbox 1606 2263 1683 2303; x_wconf 81' lang='lat' dir='ltr'><strong>orento</strong></span> <span class='ocrx_word' id='word_1_396' title='bbox 1699 2252 1788 2318; x_wconf 87' lang='lat' dir='ltr'><strong>perire</strong></span> 
     </span>
     <span class='ocr_line' id='line_1_44' title="bbox 164 2316 1788 2392; baseline -0.004 -15"><span class='ocrx_word' id='word_1_397' title='bbox 164 2337 241 2377; x_wconf 88' lang='lat' dir='ltr'><strong>cesso</strong></span> <span class='ocrx_word' id='word_1_398' title='bbox 260 2322 355 2377; x_wconf 90' lang='lat' dir='ltr'><strong>iterum</strong></span> <span class='ocrx_word' id='word_1_399' title='bbox 376 2319 479 2384; x_wconf 79' lang='lat' dir='ltr'><strong>lauari,</strong></span> <span class='ocrx_word' id='word_1_400' title='bbox 493 2318 556 2387; x_wconf 85' lang='lat' dir='ltr'><strong>quia</strong></span> <span class='ocrx_word' id='word_1_401' title='bbox 570 2316 685 2371; x_wconf 89' lang='lat' dir='ltr'><strong>mundus</strong></span> <span class='ocrx_word' id='word_1_402' title='bbox 702 2322 744 2371; x_wconf 89' lang='lat' dir='ltr'><strong>est</strong></span> <span class='ocrx_word' id='word_1_403' title='bbox 755 2323 837 2370; x_wconf 90' lang='lat' dir='ltr'><strong>totus.</strong></span> <span class='ocrx_word' id='word_1_404' title='bbox 858 2316 949 2373; x_wconf 84' lang='lat' dir='ltr'><strong>Facite</strong></span> <span class='ocrx_word' id='word_1_405' title='bbox 1001 2324 1088 2392; x_wconf 92' lang='lat' dir='ltr'><strong>potuit</strong></span> <span class='ocrx_word' id='word_1_406' title='bbox 1099 2321 1134 2377; x_wconf 89' lang='lat' dir='ltr'><strong>de</strong></span> <span class='ocrx_word' id='word_1_407' title='bbox 1147 2319 1299 2390; x_wconf 86' lang='lat' dir='ltr'><strong>septenario</strong></span> <span class='ocrx_word' id='word_1_408' title='bbox 1313 2318 1359 2373; x_wconf 93' lang='lat' dir='ltr'><strong>illo</strong></span> <span class='ocrx_word' id='word_1_409' title='bbox 1371 2332 1483 2373; x_wconf 91' lang='lat' dir='ltr'><strong>numero</strong></span> <span class='ocrx_word' id='word_1_410' title='bbox 1496 2317 1610 2372; x_wconf 84' lang='lat' dir='ltr'><strong>ieiicium</strong></span> <span class='ocrx_word' id='word_1_411' title='bbox 1622 2318 1788 2373; x_wconf 60' lang='grc'><strong>1111111111-</strong></span> 
     </span>
     <span class='ocr_line' id='line_1_45' title="bbox 163 2386 1788 2462; baseline 0 -18"><span class='ocrx_word' id='word_1_412' title='bbox 163 2391 234 2462; x_wconf 83' lang='lat' dir='ltr'><strong>qarod</strong></span> <span class='ocrx_word' id='word_1_413' title='bbox 248 2392 338 2455; x_wconf 90' lang='lat' dir='ltr'><strong>vultis,</strong></span> <span class='ocrx_word' id='word_1_414' title='bbox 349 2387 549 2458; x_wconf 85' lang='lat' dir='ltr'><strong>inlertepoenaa</strong></span> <span class='ocrx_word' id='word_1_415' title='bbox 560 2386 721 2456; x_wconf 88' lang='lat' dir='ltr'><strong>corporibus</strong></span> <span class='ocrx_word' id='word_1_416' title='bbox 731 2387 841 2441; x_wconf 88' lang='lat' dir='ltr'><strong>nostris.</strong></span> <span class='ocrx_word' id='word_1_417' title='bbox 855 2387 950 2445; x_wconf 88' lang='lat' dir='ltr'><strong>llelius</strong></span> <span class='ocrx_word' id='word_1_418' title='bbox 1001 2408 1071 2459; x_wconf 77' lang='lat' dir='ltr'><strong>rum,</strong></span> <span class='ocrx_word' id='word_1_419' title='bbox 1093 2393 1131 2448; x_wconf 91' lang='lat' dir='ltr'><strong>ita</strong></span> <span class='ocrx_word' id='word_1_420' title='bbox 1145 2388 1227 2446; x_wconf 84' lang='lat' dir='ltr'><strong>e‘tiam</strong></span> <span class='ocrx_word' id='word_1_421' title='bbox 1250 2397 1377 2457; x_wconf 90' lang='lat' dir='ltr'><strong>septenus</strong></span> <span class='ocrx_word' id='word_1_422' title='bbox 1396 2397 1494 2443; x_wconf 75' lang='lat' dir='ltr'><strong>nostras</strong></span> <span class='ocrx_word' id='word_1_423' title='bbox 1508 2387 1722 2458; x_wconf 85' lang='lat' dir='ltr'><strong>congregationis</strong></span> <span class='ocrx_word' id='word_1_424' title='bbox 1737 2404 1788 2444; x_wconf 89' lang='lat' dir='ltr'><strong>nu·</strong></span> 
     </span>
     <span class='ocr_line' id='line_1_46' title="bbox 164 2455 1788 2528; baseline 0.003 -21"><span class='ocrx_word' id='word_1_425' title='bbox 164 2472 207 2517; x_wconf 58' lang='lat' dir='ltr'><strong>etr</strong></span> <span class='ocrx_word' id='word_1_426' title='bbox 222 2469 274 2518; x_wconf 70' lang='lat' dir='ltr'><strong>aem</strong></span> <span class='ocrx_word' id='word_1_427' title='bbox 314 2460 378 2517; x_wconf 68' lang='lat' dir='ltr'><strong>falia</strong></span> <span class='ocrx_word' id='word_1_428' title='bbox 400 2459 433 2515; x_wconf 68' lang='lat' dir='ltr'><strong>ad</strong></span> <span class='ocrx_word' id='word_1_429' title='bbox 453 2457 588 2513; x_wconf 81' lang='lat' dir='ltr'><strong>modicum</strong></span> <span class='ocrx_word' id='word_1_430' title='bbox 603 2455 716 2513; x_wconf 79' lang='lat' dir='ltr'><strong>anderru</strong></span> <span class='ocrx_word' id='word_1_431' title='bbox 730 2457 858 2527; x_wconf 86' lang='lat' dir='ltr'><strong>supplicia</strong></span> <span class='ocrx_word' id='word_1_432' title='bbox 869 2473 949 2527; x_wconf 80' lang='lat' dir='ltr'><strong>otram</strong></span> <span class='ocrx_word' id='word_1_433' title='bbox 1001 2479 1093 2519; x_wconf 91' lang='lat' dir='ltr'><strong>merus</strong></span> <span class='ocrx_word' id='word_1_434' title='bbox 1114 2460 1216 2517; x_wconf 91' lang='lat' dir='ltr'><strong>nullum</strong></span> <span class='ocrx_word' id='word_1_435' title='bbox 1237 2459 1357 2515; x_wconf 89' lang='lat' dir='ltr'><strong>inveniet</strong></span> <span class='ocrx_word' id='word_1_436' title='bbox 1371 2458 1569 2514; x_wconf 87' lang='lat' dir='ltr'><strong>detrimentum.</strong></span> <span class='ocrx_word' id='word_1_437' title='bbox 1584 2457 1648 2514; x_wconf 82' lang='lat' dir='ltr'><strong>liam</strong></span> <span class='ocrx_word' id='word_1_438' title='bbox 1672 2460 1694 2514; x_wconf 90' lang='lat' dir='ltr'><strong>si</strong></span> <span class='ocrx_word' id='word_1_439' title='bbox 1706 2474 1788 2528; x_wconf 83' lang='lat' dir='ltr'><strong>nega-</strong></span> 
     </span>
     <span class='ocr_line' id='line_1_47' title="bbox 164 2525 1787 2601; baseline 0 -15"><span class='ocrx_word' id='word_1_440' title='bbox 164 2541 263 2588; x_wconf 78' lang='lat' dir='ltr'><strong>mterna</strong></span> <span class='ocrx_word' id='word_1_441' title='bbox 287 2534 324 2586; x_wconf 88' lang='lat' dir='ltr'><strong>ol.</strong></span> <span class='ocrx_word' id='word_1_442' title='bbox 339 2525 405 2601; x_wconf 88' lang='lat' dir='ltr'><strong>pati]</strong></span> <span class='ocrx_word' id='word_1_443' title='bbox 418 2528 535 2598; x_wconf 90' lang='lat' dir='ltr'><strong>pendere</strong></span> <span class='ocrx_word' id='word_1_444' title='bbox 547 2537 575 2582; x_wconf 88' lang='lat' dir='ltr'><strong>et</strong></span> <span class='ocrx_word' id='word_1_445' title='bbox 586 2527 676 2581; x_wconf 88' lang='lat' dir='ltr'><strong>subire</strong></span> <span class='ocrx_word' id='word_1_446' title='bbox 690 2533 833 2581; x_wconf 88' lang='lat' dir='ltr'><strong>tormenta.</strong></span> <span class='ocrx_word' id='word_1_447' title='bbox 849 2528 950 2586; x_wconf 87' lang='lat' dir='ltr'><strong>ilabete</strong></span> <span class='ocrx_word' id='word_1_448' title='bbox 1001 2547 1147 2598; x_wconf 87' lang='lat' dir='ltr'><strong>veroeum,</strong></span> <span class='ocrx_word' id='word_1_449' title='bbox 1160 2540 1188 2586; x_wconf 87' lang='lat' dir='ltr'><strong>et</strong></span> <span class='ocrx_word' id='word_1_450' title='bbox 1202 2530 1260 2599; x_wconf 90' lang='lat' dir='ltr'><strong>ipse</strong></span> <span class='ocrx_word' id='word_1_451' title='bbox 1282 2529 1388 2600; x_wconf 75' lang='lat' dir='ltr'><strong>negabit</strong></span> <span class='ocrx_word' id='word_1_452' title='bbox 1400 2543 1459 2592; x_wconf 89' lang='lat' dir='ltr'><strong>me;</strong></span> <span class='ocrx_word' id='word_1_453' title='bbox 1473 2528 1597 2599; x_wconf 80' lang='lat' dir='ltr'><strong>uuttniam</strong></span> <span class='ocrx_word' id='word_1_454' title='bbox 1613 2529 1647 2583; x_wconf 89' lang='lat' dir='ltr'><strong>ab</strong></span> <span class='ocrx_word' id='word_1_455' title='bbox 1657 2530 1716 2598; x_wconf 89' lang='lat' dir='ltr'><strong>ipso</strong></span> <span class='ocrx_word' id='word_1_456' title='bbox 1728 2535 1787 2588; x_wconf 87' lang='lat' dir='ltr'><strong>ttic-</strong></span> 
     </span>
     <span class='ocr_line' id='line_1_48' title="bbox 164 2596 1787 2672; baseline -0.001 -15"><span class='ocrx_word' id='word_1_457' title='bbox 164 2617 224 2670; x_wconf 82' lang='lat' dir='ltr'><strong>quae</strong></span> <span class='ocrx_word' id='word_1_458' title='bbox 235 2600 400 2672; x_wconf 89' lang='lat' dir='ltr'><strong>promittitis,</strong></span> <span class='ocrx_word' id='word_1_459' title='bbox 413 2612 473 2654; x_wconf 91' lang='lat' dir='ltr'><strong>cum</strong></span> <span class='ocrx_word' id='word_1_460' title='bbox 487 2599 551 2667; x_wconf 88' lang='lat' dir='ltr'><strong>ipsis</strong></span> <span class='ocrx_word' id='word_1_461' title='bbox 565 2596 667 2652; x_wconf 79' lang='lat' dir='ltr'><strong>divitiis</strong></span> <span class='ocrx_word' id='word_1_462' title='bbox 681 2605 741 2666; x_wconf 90' lang='lat' dir='ltr'><strong>post</strong></span> <span class='ocrx_word' id='word_1_463' title='bbox 754 2598 890 2667; x_wconf 89' lang='lat' dir='ltr'><strong>paululum</strong></span> <span class='ocrx_word' id='word_1_464' title='bbox 903 2614 949 2666; x_wconf 90' lang='lat' dir='ltr'><strong>pe·</strong></span> <span class='ocrx_word' id='word_1_465' title='bbox 1002 2612 1057 2660; x_wconf 89' lang='lat' dir='ltr'><strong>tum</strong></span> <span class='ocrx_word' id='word_1_466' title='bbox 1071 2612 1113 2659; x_wconf 91' lang='lat' dir='ltr'><strong>est</strong></span> <span class='ocrx_word' id='word_1_467' title='bbox 1126 2619 1134 2657; x_wconf 77' lang='lat' dir='ltr'><strong>a</strong></span> <span class='ocrx_word' id='word_1_468' title='bbox 1146 2601 1197 2670; x_wconf 77' lang='lat' dir='ltr'><strong>Qui</strong></span> <span class='ocrx_word' id='word_1_469' title='bbox 1212 2613 1257 2655; x_wconf 89' lang='lat' dir='ltr'><strong>me</strong></span> <span class='ocrx_word' id='word_1_470' title='bbox 1267 2602 1403 2668; x_wconf 82' lang='lat' dir='ltr'><strong>negaverit</strong></span> <span class='ocrx_word' id='word_1_471' title='bbox 1416 2598 1673 2663; x_wconf 84' lang='lat' dir='ltr'><strong>corarnbominibus,</strong></span> <span class='ocrx_word' id='word_1_472' title='bbox 1684 2603 1787 2669; x_wconf 88' lang='lat' dir='ltr'><strong>negabo</strong></span> 
     </span>
     <span class='ocr_line' id='line_1_49' title="bbox 165 2666 1787 2745; baseline -0.001 -18"><span class='ocrx_word' id='word_1_473' title='bbox 165 2672 253 2727; x_wconf 92' lang='lat' dir='ltr'><strong>rituri.</strong></span> <span class='ocrx_word' id='word_1_474' title='bbox 275 2671 357 2728; x_wconf 83' lang='lat' dir='ltr'><strong>Nobis</strong></span> <span class='ocrx_word' id='word_1_475' title='bbox 369 2684 433 2726; x_wconf 88' lang='lat' dir='ltr'><strong>vero</strong></span> <span class='ocrx_word' id='word_1_476' title='bbox 451 2669 540 2723; x_wconf 90' lang='lat' dir='ltr'><strong>nullus</strong></span> <span class='ocrx_word' id='word_1_477' title='bbox 549 2666 583 2723; x_wconf 92' lang='lat' dir='ltr'><strong>de</strong></span> <span class='ocrx_word' id='word_1_478' title='bbox 597 2667 718 2737; x_wconf 87' lang='lat' dir='ltr'><strong>postibus</strong></span> <span class='ocrx_word' id='word_1_479' title='bbox 734 2667 860 2723; x_wconf 91' lang='lat' dir='ltr'><strong>irontium</strong></span> <span class='ocrx_word' id='word_1_480' title='bbox 874 2669 949 2726; x_wconf 85' lang='lat' dir='ltr'><strong>nale·</strong></span> <span class='ocrx_word' id='word_1_481' title='bbox 1001 2685 1028 2731; x_wconf 91' lang='lat' dir='ltr'><strong>et</strong></span> <span class='ocrx_word' id='word_1_482' title='bbox 1041 2690 1091 2745; x_wconf 89' lang='lat' dir='ltr'><strong>ego</strong></span> <span class='ocrx_word' id='word_1_483' title='bbox 1101 2687 1164 2731; x_wconf 91' lang='lat' dir='ltr'><strong>eum</strong></span> <span class='ocrx_word' id='word_1_484' title='bbox 1175 2684 1265 2727; x_wconf 90' lang='lat' dir='ltr'><strong>coram</strong></span> <span class='ocrx_word' id='word_1_485' title='bbox 1279 2669 1358 2725; x_wconf 85' lang='lat' dir='ltr'><strong>Patre</strong></span> <span class='ocrx_word' id='word_1_486' title='bbox 1369 2684 1440 2736; x_wconf 90' lang='lat' dir='ltr'><strong>meo,</strong></span> <span class='ocrx_word' id='word_1_487' title='bbox 1453 2670 1498 2738; x_wconf 78' lang='lat' dir='ltr'><strong>tpui</strong></span> <span class='ocrx_word' id='word_1_488' title='bbox 1510 2670 1588 2724; x_wconf 90' lang='lat' dir='ltr'><strong>estin</strong></span> <span class='ocrx_word' id='word_1_489' title='bbox 1601 2670 1692 2734; x_wconf 84' lang='lat' dir='ltr'><strong>eoelis;</strong></span> <span class='ocrx_word' id='word_1_490' title='bbox 1705 2683 1731 2725; x_wconf 89' lang='lat' dir='ltr'><strong>ct</strong></span> <span class='ocrx_word' id='word_1_491' title='bbox 1741 2674 1787 2742; x_wconf 88' lang='lat' dir='ltr'><strong>qui</strong></span> 
     </span>
     <span class='ocr_line' id='line_1_50' title="bbox 164 2736 1787 2810; baseline 0.002 -14"><span class='ocrx_word' id='word_1_492' title='bbox 164 2741 204 2797; x_wconf 93' lang='lat' dir='ltr'><strong>bit</strong></span> <span class='ocrx_word' id='word_1_493' title='bbox 218 2743 344 2808; x_wconf 88' lang='lat' dir='ltr'><strong>evellere,</strong></span> <span class='ocrx_word' id='word_1_494' title='bbox 358 2741 451 2810; x_wconf 66' lang='lat' dir='ltr'><strong>equod</strong></span> <span class='ocrx_word' id='word_1_495' title='bbox 466 2740 492 2794; x_wconf 89' lang='lat' dir='ltr'><strong>iu</strong></span> <span class='ocrx_word' id='word_1_496' title='bbox 507 2752 561 2793; x_wconf 92' lang='lat' dir='ltr'><strong>uno</strong></span> <span class='ocrx_word' id='word_1_497' title='bbox 576 2736 735 2808; x_wconf 85' lang='lat' dir='ltr'><strong>baptismate</strong></span> <span class='ocrx_word' id='word_1_498' title='bbox 748 2738 846 2794; x_wconf 80' lang='lat' dir='ltr'><strong>artilex</strong></span> <span class='ocrx_word' id='word_1_499' title='bbox 860 2739 949 2795; x_wconf 85' lang='grc'><strong>’111111-</strong></span> <span class='ocrx_word' id='word_1_500' title='bbox 1001 2760 1044 2801; x_wconf 89' lang='lat' dir='ltr'><strong>me</strong></span> <span class='ocrx_word' id='word_1_501' title='bbox 1055 2742 1195 2801; x_wconf 88' lang='lat' dir='ltr'><strong>couiessus</strong></span> <span class='ocrx_word' id='word_1_502' title='bbox 1215 2739 1296 2796; x_wconf 90' lang='lat' dir='ltr'><strong>luerit</strong></span> <span class='ocrx_word' id='word_1_503' title='bbox 1313 2753 1403 2795; x_wconf 88' lang='lat' dir='ltr'><strong>eoram</strong></span> <span class='ocrx_word' id='word_1_504' title='bbox 1418 2739 1568 2794; x_wconf 82' lang='lat' dir='ltr'><strong>bominibus</strong></span> <span class='ocrx_word' id='word_1_505' title='bbox 1579 2781 1586 2806; x_wconf 96' lang='lat'><strong>,</strong></span> <span class='ocrx_word' id='word_1_506' title='bbox 1598 2741 1747 2797; x_wconf 83' lang='lat' dir='ltr'><strong>conitebor</strong></span> <span class='ocrx_word' id='word_1_507' title='bbox 1760 2752 1787 2799; x_wconf 89' lang='lat' dir='ltr'><strong>et</strong></span> 
     </span>
     <span class='ocr_line' id='line_1_51' title="bbox 164 2810 1659 2888; baseline -0.001 -21"><span class='ocrx_word' id='word_1_508' title='bbox 164 2813 322 2884; x_wconf 85' lang='lat' dir='ltr'><strong>tasdignata</strong></span> <span class='ocrx_word' id='word_1_509' title='bbox 335 2819 376 2868; x_wconf 86' lang='grc' dir='ltr'><strong>εει</strong></span> <span class='ocrx_word' id='word_1_510' title='bbox 389 2810 503 2866; x_wconf 88' lang='lat' dir='ltr'><strong>titulare.</strong></span> <span class='ocrx_word' id='word_1_511' title='bbox 1000 2829 1125 2888; x_wconf 74' lang='lat' dir='ltr'><strong>ego‘cum</strong></span> <span class='ocrx_word' id='word_1_512' title='bbox 1137 2826 1228 2870; x_wconf 88' lang='lat' dir='ltr'><strong>eoram</strong></span> <span class='ocrx_word' id='word_1_513' title='bbox 1240 2810 1320 2866; x_wconf 82' lang='lat' dir='ltr'><strong>Patre</strong></span> <span class='ocrx_word' id='word_1_514' title='bbox 1332 2824 1409 2877; x_wconf 91' lang='lat' dir='ltr'><strong>meo,</strong></span> <span class='ocrx_word' id='word_1_515' title='bbox 1421 2812 1465 2880; x_wconf 83' lang='lat' dir='ltr'><strong>qui</strong></span> <span class='ocrx_word' id='word_1_516' title='bbox 1478 2818 1520 2865; x_wconf 87' lang='lat' dir='ltr'><strong>est</strong></span> <span class='ocrx_word' id='word_1_517' title='bbox 1534 2810 1560 2864; x_wconf 92' lang='lat' dir='ltr'><strong>in</strong></span> <span class='ocrx_word' id='word_1_518' title='bbox 1574 2812 1659 2866; x_wconf 80' lang='lat' dir='ltr'><strong>ecelis.</strong></span> 
     </span>
    </p>

    <p class='ocr_par' dir='ltr' id='par_1_9' title="bbox 160 2877 1788 4079">
     <span class='ocr_line' id='line_1_52' title="bbox 200 2877 1786 2952; baseline 0 -15"><span class='ocrx_word' id='word_1_519' title='bbox 200 2881 244 2938; x_wconf 84' lang='lat' dir='ltr'><strong>iv.</strong></span> <span class='ocrx_word' id='word_1_520' title='bbox 267 2882 300 2938; x_wconf 91' lang='lat' dir='ltr'><strong>ln</strong></span> <span class='ocrx_word' id='word_1_521' title='bbox 322 2896 447 2937; x_wconf 84' lang='lat' dir='ltr'><strong>carcerem</strong></span> <span class='ocrx_word' id='word_1_522' title='bbox 468 2880 617 2935; x_wconf 78' lang='lat' dir='ltr'><strong>traductor.</strong></span> <span class='ocrx_word' id='word_1_523' title='bbox 636 2907 672 2920; x_wconf 84' lang='lat'>-</span> <span class='ocrx_word' id='word_1_524' title='bbox 683 2877 751 2948; x_wconf 87' lang='lat' dir='ltr'><strong>Quid</strong></span> <span class='ocrx_word' id='word_1_525' title='bbox 767 2879 869 2938; x_wconf 81' lang='lat' dir='ltr'><strong>mulla?</strong></span> <span class='ocrx_word' id='word_1_526' title='bbox 880 2882 948 2940; x_wconf 82' lang='lat' dir='ltr'><strong>llum</strong></span> <span class='ocrx_word' id='word_1_527' title='bbox 1035 2887 1081 2943; x_wconf 78' lang='lat' dir='ltr'><strong>vt,</strong></span> <span class='ocrx_word' id='word_1_528' title='bbox 1096 2884 1215 2939; x_wconf 87' lang='lat' dir='ltr'><strong>Palmum</strong></span> <span class='ocrx_word' id='word_1_529' title='bbox 1227 2891 1405 2952; x_wconf 82' lang='lat' dir='ltr'><strong>assequuntur.</strong></span> <span class='ocrx_word' id='word_1_530' title='bbox 1421 2909 1452 2922; x_wconf 88' lang='lat'><em>-</em></span> <span class='ocrx_word' id='word_1_531' title='bbox 1466 2880 1594 2937; x_wconf 82' lang='lat' dir='ltr'><strong>&#39;Perducti</strong></span> <span class='ocrx_word' id='word_1_532' title='bbox 1614 2885 1703 2952; x_wconf 80' lang='lat' dir='ltr'><strong>itaque</strong></span> <span class='ocrx_word' id='word_1_533' title='bbox 1722 2896 1786 2939; x_wconf 79' lang='lat' dir='ltr'><strong>curta</strong></span> 
     </span>
     <span class='ocr_line' id='line_1_53' title="bbox 164 2949 1787 3022; baseline -0.004 -6"><span class='ocrx_word' id='word_1_534' title='bbox 164 2951 370 3010; x_wconf 76' lang='grc'><strong>11111011111111</strong></span> <span class='ocrx_word' id='word_1_535' title='bbox 384 2950 713 3016; x_wconf 71' lang='grc'><strong>111111111101011111111111,</strong></span> <span class='ocrx_word' id='word_1_536' title='bbox 726 2949 794 3021; x_wconf 78' lang='grc'><strong>10111</strong></span> <span class='ocrx_word' id='word_1_537' title='bbox 809 2964 948 3011; x_wconf 79' lang='grc'><strong>1111111111·</strong></span> <span class='ocrx_word' id='word_1_538' title='bbox 1001 2959 1170 3016; x_wconf 78' lang='lat' dir='ltr'><strong>testinatione</strong></span> <span class='ocrx_word' id='word_1_539' title='bbox 1181 2953 1215 3010; x_wconf 91' lang='lat' dir='ltr'><strong>ad</strong></span> <span class='ocrx_word' id='word_1_540' title='bbox 1230 2954 1325 3008; x_wconf 88' lang='lat' dir='ltr'><strong>navale</strong></span> <span class='ocrx_word' id='word_1_541' title='bbox 1337 2950 1517 3022; x_wconf 87' lang='lat' dir='ltr'><strong>suppliciunt,</strong></span> <span class='ocrx_word' id='word_1_542' title='bbox 1534 2966 1582 3019; x_wconf 90' lang='lat' dir='ltr'><strong>pro</strong></span> <span class='ocrx_word' id='word_1_543' title='bbox 1597 2951 1732 3008; x_wconf 85' lang='lat' dir='ltr'><strong>voluntate</strong></span> <span class='ocrx_word' id='word_1_544' title='bbox 1745 2954 1787 3009; x_wconf 93' lang='lat' dir='ltr'><strong>in·</strong></span> 
     </span>
     <span class='ocr_line' id='line_1_54' title="bbox 163 3020 1787 3098; baseline -0.001 -18"><span class='ocrx_word' id='word_1_545' title='bbox 163 3022 386 3081; x_wconf 83' lang='lat' dir='ltr'><strong>oeralicustodiae</strong></span> <span class='ocrx_word' id='word_1_546' title='bbox 409 3021 567 3092; x_wconf 90' lang='lat' dir='ltr'><strong>mancipari,</strong></span> <span class='ocrx_word' id='word_1_547' title='bbox 579 3030 606 3078; x_wconf 91' lang='lat' dir='ltr'><strong>et</strong></span> <span class='ocrx_word' id='word_1_548' title='bbox 619 3021 655 3076; x_wconf 92' lang='lat' dir='ltr'><strong>ita</strong></span> <span class='ocrx_word' id='word_1_549' title='bbox 668 3020 947 3082; x_wconf 71' lang='lat' dir='ltr'><strong>crudeliusiouerati</strong></span> <span class='ocrx_word' id='word_1_550' title='bbox 1000 3029 1072 3087; x_wconf 89' lang='lat' dir='ltr'><strong>laudi</strong></span> <span class='ocrx_word' id='word_1_551' title='bbox 1085 3027 1156 3098; x_wconf 82' lang='lat' dir='ltr'><strong>regis</strong></span> <span class='ocrx_word' id='word_1_552' title='bbox 1167 3026 1210 3080; x_wconf 86' lang='lat' dir='ltr'><strong>vel</strong></span> <span class='ocrx_word' id='word_1_553' title='bbox 1227 3024 1374 3079; x_wconf 88' lang='lat' dir='ltr'><strong>crndeitum</strong></span> <span class='ocrx_word' id='word_1_554' title='bbox 1387 3020 1579 3089; x_wconf 90' lang='lat' dir='ltr'><strong>ministrorum,</strong></span> <span class='ocrx_word' id='word_1_555' title='bbox 1597 3023 1714 3078; x_wconf 84' lang='lat' dir='ltr'><strong>extensis</strong></span> <span class='ocrx_word' id='word_1_556' title='bbox 1729 3039 1787 3078; x_wconf 84' lang='lat' dir='ltr'><strong>rna-</strong></span> 
     </span>
     <span class='ocr_line' id='line_1_55' title="bbox 163 3091 1785 3166; baseline -0.001 -18"><span class='ocrx_word' id='word_1_557' title='bbox 163 3093 227 3151; x_wconf 89' lang='lat' dir='ltr'><strong>i&#39;erri</strong></span> <span class='ocrx_word' id='word_1_558' title='bbox 248 3094 431 3166; x_wconf 88' lang='lat' dir='ltr'><strong>ponderibus,</strong></span> <span class='ocrx_word' id='word_1_559' title='bbox 445 3091 595 3149; x_wconf 88' lang='lat' dir='ltr'><strong>tenebrosis</strong></span> <span class='ocrx_word' id='word_1_560' title='bbox 608 3092 726 3163; x_wconf 89' lang='lat' dir='ltr'><strong>deputati</strong></span> <span class='ocrx_word' id='word_1_561' title='bbox 738 3104 799 3148; x_wconf 88' lang='lat' dir='ltr'><strong>suut</strong></span> <span class='ocrx_word' id='word_1_562' title='bbox 813 3094 887 3164; x_wconf 86' lang='lat' dir='ltr'><strong>locis,</strong></span> <span class='ocrx_word' id='word_1_563' title='bbox 902 3097 947 3153; x_wconf 95' lang='lat' dir='ltr'><strong>ubi</strong></span> <span class='ocrx_word' id='word_1_564' title='bbox 999 3096 1240 3166; x_wconf 84' lang='lat' dir='ltr'><strong>nibusetpedibus,</strong></span> <span class='ocrx_word' id='word_1_565' title='bbox 1250 3093 1366 3149; x_wconf 77' lang='lat' dir='ltr'><strong>relevati</strong></span> <span class='ocrx_word' id='word_1_566' title='bbox 1378 3092 1592 3162; x_wconf 89' lang='lat' dir='ltr'><strong>potiusieruntur</strong></span> <span class='ocrx_word' id='word_1_567' title='bbox 1605 3107 1684 3163; x_wconf 83' lang='lat' dir='ltr'><strong>qttanr</strong></span> <span class='ocrx_word' id='word_1_568' title='bbox 1701 3094 1785 3163; x_wconf 89' lang='lat' dir='ltr'><strong>ligati.</strong></span> 
     </span>
     <span class='ocr_line' id='line_1_56' title="bbox 164 3161 1786 3241; baseline -0.001 -20"><span class='ocrx_word' id='word_1_569' title='bbox 164 3164 237 3221; x_wconf 85' lang='lat' dir='ltr'><strong>nulla</strong></span> <span class='ocrx_word' id='word_1_570' title='bbox 253 3164 388 3220; x_wconf 85' lang='lat' dir='ltr'><strong>miseratio</strong></span> <span class='ocrx_word' id='word_1_571' title='bbox 407 3162 537 3219; x_wconf 88' lang='lat' dir='ltr'><strong>arrideret</strong></span> <span class='ocrx_word' id='word_1_572' title='bbox 554 3163 680 3218; x_wconf 87' lang='lat' dir='ltr'><strong>lenitatis.</strong></span> <span class='ocrx_word' id='word_1_573' title='bbox 697 3163 749 3219; x_wconf 85' lang='lat' dir='ltr'><strong>Sed</strong></span> <span class='ocrx_word' id='word_1_574' title='bbox 762 3165 877 3235; x_wconf 90' lang='lat' dir='ltr'><strong>populus</strong></span> <span class='ocrx_word' id='word_1_575' title='bbox 890 3183 947 3224; x_wconf 89' lang='lat' dir='ltr'><strong>me·</strong></span> <span class='ocrx_word' id='word_1_576' title='bbox 959 3161 984 3228; x_wconf 74' lang='grc' dir='ltr'><strong>Ω</strong></span> <span class='ocrx_word' id='word_1_577' title='bbox 998 3174 1056 3241; x_wconf 83' lang='lat' dir='ltr'><strong>Quo</strong></span> <span class='ocrx_word' id='word_1_578' title='bbox 1065 3170 1127 3225; x_wconf 88' lang='lat' dir='ltr'><strong>dnn</strong></span> <span class='ocrx_word' id='word_1_579' title='bbox 1133 3168 1202 3238; x_wconf 90' lang='lat' dir='ltr'><strong>iguis</strong></span> <span class='ocrx_word' id='word_1_580' title='bbox 1212 3165 1307 3221; x_wconf 90' lang='lat' dir='ltr'><strong>luisset</strong></span> <span class='ocrx_word' id='word_1_581' title='bbox 1314 3162 1522 3234; x_wconf 80' lang='lat' dir='ltr'><strong>lignisinp&#39;ectus,</strong></span> <span class='ocrx_word' id='word_1_582' title='bbox 1529 3164 1617 3217; x_wconf 89' lang='lat' dir='ltr'><strong>statim</strong></span> <span class='ocrx_word' id='word_1_583' title='bbox 1627 3164 1786 3234; x_wconf 83' lang='lat' dir='ltr'><strong>imperiudi-</strong></span> 
     </span>
     <span class='ocr_line' id='line_1_57' title="bbox 163 3232 1786 3304; baseline -0.001 -13"><span class='ocrx_word' id='word_1_584' title='bbox 163 3245 273 3291; x_wconf 80' lang='lat' dir='ltr'><strong>moratae</strong></span> <span class='ocrx_word' id='word_1_585' title='bbox 283 3235 367 3299; x_wconf 90' lang='lat' dir='ltr'><strong>urbis,</strong></span> <span class='ocrx_word' id='word_1_586' title='bbox 377 3235 403 3288; x_wconf 91' lang='lat' dir='ltr'><strong>in</strong></span> <span class='ocrx_word' id='word_1_587' title='bbox 414 3233 526 3287; x_wconf 87' lang='lat' dir='ltr'><strong>bomine</strong></span> <span class='ocrx_word' id='word_1_588' title='bbox 541 3246 648 3301; x_wconf 89' lang='lat' dir='ltr'><strong>semper</strong></span> <span class='ocrx_word' id='word_1_589' title='bbox 661 3232 758 3301; x_wconf 88' lang='lat' dir='ltr'><strong>tidelis,</strong></span> <span class='ocrx_word' id='word_1_590' title='bbox 775 3235 838 3289; x_wconf 88' lang='lat' dir='ltr'><strong>dato</strong></span> <span class='ocrx_word' id='word_1_591' title='bbox 851 3252 944 3294; x_wconf 87' lang='lat' dir='ltr'><strong>munc-</strong></span> <span class='ocrx_word' id='word_1_592' title='bbox 997 3237 1216 3299; x_wconf 86' lang='lat' dir='ltr'><strong>vinovidentibus</strong></span> <span class='ocrx_word' id='word_1_593' title='bbox 1235 3236 1338 3291; x_wconf 88' lang='lat' dir='ltr'><strong>cunctis</strong></span> <span class='ocrx_word' id='word_1_594' title='bbox 1345 3235 1489 3290; x_wconf 85' lang='lat' dir='ltr'><strong>exstinctus</strong></span> <span class='ocrx_word' id='word_1_595' title='bbox 1496 3242 1555 3288; x_wconf 89' lang='lat' dir='ltr'><strong>est:</strong></span> <span class='ocrx_word' id='word_1_596' title='bbox 1570 3241 1598 3288; x_wconf 89' lang='lat' dir='ltr'><strong>et</strong></span> <span class='ocrx_word' id='word_1_597' title='bbox 1608 3234 1670 3288; x_wconf 90' lang='lat' dir='ltr'><strong>dum</strong></span> <span class='ocrx_word' id='word_1_598' title='bbox 1686 3236 1786 3304; x_wconf 79' lang='lat' dir='ltr'><strong>sepina</strong></span> 
     </span>
     <span class='ocr_line' id='line_1_58' title="bbox 163 3301 1785 3377; baseline -0.006 -7"><span class='ocrx_word' id='word_1_599' title='bbox 163 3304 368 3370; x_wconf 69' lang='grc'><strong>1111111111111,</strong></span> <span class='ocrx_word' id='word_1_600' title='bbox 380 3305 466 3359; x_wconf 79' lang='grc'><strong>111111</strong></span> <span class='ocrx_word' id='word_1_601' title='bbox 479 3301 666 3357; x_wconf 71' lang='grc' dir='ltr'><strong>0011101111ῑί</strong></span> <span class='ocrx_word' id='word_1_602' title='bbox 682 3314 812 3375; x_wconf 79' lang='lat' dir='ltr'><strong>ntartyres</strong></span> <span class='ocrx_word' id='word_1_603' title='bbox 823 3305 947 3377; x_wconf 82' lang='lat' dir='ltr'><strong>irequen·</strong></span> <span class='ocrx_word' id='word_1_604' title='bbox 998 3305 1356 3367; x_wconf 82' lang='lat' dir='ltr'><strong>renovareturnutrientibus</strong></span> <span class='ocrx_word' id='word_1_605' title='bbox 1368 3304 1480 3374; x_wconf 86' lang='lat' dir='ltr'><strong>pabulis,</strong></span> <span class='ocrx_word' id='word_1_606' title='bbox 1495 3305 1589 3359; x_wconf 84' lang='lat' dir='ltr'><strong>iterum</strong></span> <span class='ocrx_word' id='word_1_607' title='bbox 1597 3311 1676 3374; x_wconf 83' lang='lat' dir='ltr'><strong>atque</strong></span> <span class='ocrx_word' id='word_1_608' title='bbox 1687 3305 1785 3361; x_wconf 89' lang='lat' dir='ltr'><strong>iterum</strong></span> 
     </span>
     <span class='ocr_line' id='line_1_59' title="bbox 163 3371 1785 3450; baseline 0.001 -20"><span class='ocrx_word' id='word_1_609' title='bbox 163 3374 250 3440; x_wconf 90' lang='lat' dir='ltr'><strong>tabat,</strong></span> <span class='ocrx_word' id='word_1_610' title='bbox 274 3376 351 3431; x_wconf 90' lang='lat' dir='ltr'><strong>etita</strong></span> <span class='ocrx_word' id='word_1_611' title='bbox 366 3371 452 3428; x_wconf 87' lang='lat' dir='ltr'><strong>abeis</strong></span> <span class='ocrx_word' id='word_1_612' title='bbox 467 3372 587 3426; x_wconf 89' lang='lat' dir='ltr'><strong>doctrina</strong></span> <span class='ocrx_word' id='word_1_613' title='bbox 604 3373 817 3429; x_wconf 88' lang='lat' dir='ltr'><strong>etvivtuteddei</strong></span> <span class='ocrx_word' id='word_1_614' title='bbox 833 3377 947 3433; x_wconf 90' lang='lat' dir='ltr'><strong>robora·</strong></span> <span class='ocrx_word' id='word_1_615' title='bbox 999 3382 1013 3422; x_wconf 82' lang='grc'><strong>1</strong></span> <span class='ocrx_word' id='word_1_616' title='bbox 1034 3378 1254 3450; x_wconf 74' lang='lat' dir='ltr'><strong>exstinguebatur</strong></span> <span class='ocrx_word' id='word_1_617' title='bbox 1276 3389 1356 3446; x_wconf 87' lang='lat' dir='ltr'><strong>rogus</strong></span> <span class='ocrx_word' id='word_1_618' title='bbox 1377 3375 1456 3444; x_wconf 88' lang='lat' dir='ltr'><strong>globo</strong></span> <span class='ocrx_word' id='word_1_619' title='bbox 1475 3374 1651 3429; x_wconf 82' lang='lat' dir='ltr'><strong>cannarum.</strong></span> <span class='ocrx_word' id='word_1_620' title='bbox 1673 3376 1705 3430; x_wconf 86' lang='lat' dir='ltr'><strong>Et</strong></span> <span class='ocrx_word' id='word_1_621' title='bbox 1723 3390 1785 3431; x_wconf 86' lang='lat' dir='ltr'><strong>curu</strong></span> 
     </span>
     <span class='ocr_line' id='line_1_60' title="bbox 164 3441 1787 3520; baseline 0.002 -22"><span class='ocrx_word' id='word_1_622' title='bbox 164 3445 263 3510; x_wconf 85' lang='lat' dir='ltr'><strong>batur,</strong></span> <span class='ocrx_word' id='word_1_623' title='bbox 283 3455 311 3500; x_wconf 92' lang='lat' dir='ltr'><strong>ut</strong></span> <span class='ocrx_word' id='word_1_624' title='bbox 330 3443 393 3499; x_wconf 88' lang='lat' dir='ltr'><strong>talia</strong></span> <span class='ocrx_word' id='word_1_625' title='bbox 407 3444 486 3498; x_wconf 88' lang='lat' dir='ltr'><strong>etiarn</strong></span> <span class='ocrx_word' id='word_1_626' title='bbox 502 3441 552 3510; x_wconf 89' lang='lat' dir='ltr'><strong>ipsi</strong></span> <span class='ocrx_word' id='word_1_627' title='bbox 567 3456 615 3512; x_wconf 90' lang='lat' dir='ltr'><strong>pro</strong></span> <span class='ocrx_word' id='word_1_628' title='bbox 628 3441 726 3497; x_wconf 76' lang='lat' dir='ltr'><strong>Christi</strong></span> <span class='ocrx_word' id='word_1_629' title='bbox 740 3446 848 3502; x_wconf 91' lang='lat' dir='ltr'><strong>nomine</strong></span> <span class='ocrx_word' id='word_1_630' title='bbox 868 3448 946 3519; x_wconf 87' lang='lat' dir='ltr'><strong>piena</strong></span> <span class='ocrx_word' id='word_1_631' title='bbox 999 3452 1095 3511; x_wconf 73' lang='lat' dir='ltr'><strong>exindo</strong></span> <span class='ocrx_word' id='word_1_632' title='bbox 1112 3450 1198 3520; x_wconf 87' lang='lat' dir='ltr'><strong>magis</strong></span> <span class='ocrx_word' id='word_1_633' title='bbox 1216 3456 1345 3519; x_wconf 83' lang='lat' dir='ltr'><strong>tyrannus</strong></span> <span class='ocrx_word' id='word_1_634' title='bbox 1359 3445 1449 3501; x_wconf 89' lang='lat' dir='ltr'><strong>lurore</strong></span> <span class='ocrx_word' id='word_1_635' title='bbox 1462 3446 1539 3500; x_wconf 88' lang='lat' dir='ltr'><strong>simul</strong></span> <span class='ocrx_word' id='word_1_636' title='bbox 1563 3456 1634 3500; x_wconf 90' lang='lat' dir='ltr'><strong>esset</strong></span> <span class='ocrx_word' id='word_1_637' title='bbox 1645 3456 1672 3500; x_wconf 91' lang='lat' dir='ltr'><strong>et</strong></span> <span class='ocrx_word' id='word_1_638' title='bbox 1687 3446 1787 3502; x_wconf 90' lang='lat' dir='ltr'><strong>rubore</strong></span> 
     </span>
     <span class='ocr_line' id='line_1_61' title="bbox 162 3512 1786 3594; baseline 0.001 -25"><span class='ocrx_word' id='word_1_639' title='bbox 162 3514 349 3570; x_wconf 85' lang='lat' dir='ltr'><strong>delectatione·</strong></span> <span class='ocrx_word' id='word_1_640' title='bbox 385 3512 469 3568; x_wconf 85' lang='lat' dir='ltr'><strong>rierre</strong></span> <span class='ocrx_word' id='word_1_641' title='bbox 485 3520 624 3581; x_wconf 89' lang='lat' dir='ltr'><strong>cuperent,</strong></span> <span class='ocrx_word' id='word_1_642' title='bbox 637 3521 664 3568; x_wconf 93' lang='lat' dir='ltr'><strong>et</strong></span> <span class='ocrx_word' id='word_1_643' title='bbox 676 3514 771 3582; x_wconf 92' lang='lat' dir='ltr'><strong>capulo</strong></span> <span class='ocrx_word' id='word_1_644' title='bbox 785 3530 948 3588; x_wconf 83' lang='lat' dir='ltr'><strong>persequen·</strong></span> <span class='ocrx_word' id='word_1_645' title='bbox 999 3525 1127 3594; x_wconf 84' lang='lat' dir='ltr'><strong>repletus,</strong></span> <span class='ocrx_word' id='word_1_646' title='bbox 1139 3518 1219 3590; x_wconf 85' lang='lat' dir='ltr'><strong>jussit</strong></span> <span class='ocrx_word' id='word_1_647' title='bbox 1233 3531 1280 3574; x_wconf 90' lang='lat' dir='ltr'><strong>eos</strong></span> <span class='ocrx_word' id='word_1_648' title='bbox 1296 3530 1430 3572; x_wconf 88' lang='lat' dir='ltr'><strong>remomm</strong></span> <span class='ocrx_word' id='word_1_649' title='bbox 1443 3517 1562 3571; x_wconf 87' lang='lat' dir='ltr'><strong>vectibus</strong></span> <span class='ocrx_word' id='word_1_650' title='bbox 1574 3515 1691 3582; x_wconf 88' lang='lat' dir='ltr'><strong>enecari,</strong></span> <span class='ocrx_word' id='word_1_651' title='bbox 1707 3517 1786 3572; x_wconf 89' lang='lat' dir='ltr'><strong>etita</strong></span> 
     </span>
     <span class='ocr_line' id='line_1_62' title="bbox 162 3581 1787 3665; baseline 0.002 -27"><span class='ocrx_word' id='word_1_652' title='bbox 162 3584 198 3639; x_wconf 90' lang='lat' dir='ltr'><strong>tis</strong></span> <span class='ocrx_word' id='word_1_653' title='bbox 217 3584 263 3657; x_wconf 86' lang='lat' dir='ltr'><strong>[al.</strong></span> <span class='ocrx_word' id='word_1_654' title='bbox 278 3583 355 3640; x_wconf 89' lang='lat' dir='ltr'><strong>lacile</strong></span> <span class='ocrx_word' id='word_1_655' title='bbox 390 3581 477 3638; x_wconf 87' lang='lat' dir='ltr'><strong>iacilia</strong></span> <span class='ocrx_word' id='word_1_656' title='bbox 490 3590 673 3652; x_wconf 89' lang='lat' dir='ltr'><strong>supponerent</strong></span> <span class='ocrx_word' id='word_1_657' title='bbox 693 3583 772 3639; x_wconf 91' lang='lat' dir='ltr'><strong>colla.</strong></span> <span class='ocrx_word' id='word_1_658' title='bbox 790 3586 846 3642; x_wconf 93' lang='lat' dir='ltr'><strong>lioc</strong></span> <span class='ocrx_word' id='word_1_659' title='bbox 857 3596 947 3645; x_wconf 85' lang='lat' dir='ltr'><strong>autem</strong></span> <span class='ocrx_word' id='word_1_660' title='bbox 999 3594 1117 3665; x_wconf 88' lang='lat' dir='ltr'><strong>singulos</strong></span> <span class='ocrx_word' id='word_1_661' title='bbox 1133 3593 1160 3644; x_wconf 93' lang='lat' dir='ltr'><strong>in</strong></span> <span class='ocrx_word' id='word_1_662' title='bbox 1180 3589 1288 3643; x_wconf 91' lang='lat' dir='ltr'><strong>modum</strong></span> <span class='ocrx_word' id='word_1_663' title='bbox 1302 3601 1398 3641; x_wconf 87' lang='lat' dir='ltr'><strong>canum</strong></span> <span class='ocrx_word' id='word_1_664' title='bbox 1413 3585 1531 3642; x_wconf 89' lang='lat' dir='ltr'><strong>cerebris</strong></span> <span class='ocrx_word' id='word_1_665' title='bbox 1545 3587 1717 3641; x_wconf 88' lang='lat' dir='ltr'><strong>comminutis</strong></span> <span class='ocrx_word' id='word_1_666' title='bbox 1738 3602 1787 3642; x_wconf 81' lang='lat' dir='ltr'><strong>er-</strong></span> 
     </span>
     <span class='ocr_line' id='line_1_63' title="bbox 163 3651 1788 3735; baseline 0.002 -26"><span class='ocrx_word' id='word_1_667' title='bbox 163 3656 315 3725; x_wconf 81' lang='lat' dir='ltr'><strong>tyrannicas</strong></span> <span class='ocrx_word' id='word_1_668' title='bbox 336 3654 461 3725; x_wconf 86' lang='lat' dir='ltr'><strong>pervenit</strong></span> <span class='ocrx_word' id='word_1_669' title='bbox 482 3653 515 3706; x_wconf 91' lang='lat' dir='ltr'><strong>ad</strong></span> <span class='ocrx_word' id='word_1_670' title='bbox 536 3666 624 3735; x_wconf 79' lang='lat' dir='ltr'><strong>aures,</strong></span> <span class='ocrx_word' id='word_1_671' title='bbox 644 3651 689 3735; x_wconf 78' lang='lat' dir='ltr'><strong>qui</strong></span> <span class='ocrx_word' id='word_1_672' title='bbox 707 3652 837 3712; x_wconf 89' lang='lat' dir='ltr'><strong>ebrietate</strong></span> <span class='ocrx_word' id='word_1_673' title='bbox 851 3660 948 3715; x_wconf 90' lang='lat' dir='ltr'><strong>luroris</strong></span> <span class='ocrx_word' id='word_1_674' title='bbox 999 3662 1109 3734; x_wconf 85' lang='lat' dir='ltr'><strong>stingui.</strong></span> <span class='ocrx_word' id='word_1_675' title='bbox 1128 3659 1178 3728; x_wconf 83' lang='lat' dir='ltr'><strong>Qui</strong></span> <span class='ocrx_word' id='word_1_676' title='bbox 1194 3659 1241 3713; x_wconf 84' lang='lat' dir='ltr'><strong>tait</strong></span> <span class='ocrx_word' id='word_1_677' title='bbox 1253 3672 1352 3728; x_wconf 88' lang='lat' dir='ltr'><strong>genere</strong></span> <span class='ocrx_word' id='word_1_678' title='bbox 1371 3659 1466 3712; x_wconf 91' lang='lat' dir='ltr'><strong>mortis</strong></span> <span class='ocrx_word' id='word_1_679' title='bbox 1479 3656 1596 3712; x_wconf 91' lang='lat' dir='ltr'><strong>debitum</strong></span> <span class='ocrx_word' id='word_1_680' title='bbox 1612 3657 1734 3726; x_wconf 89' lang='lat' dir='ltr'><strong>spiritum</strong></span> <span class='ocrx_word' id='word_1_681' title='bbox 1747 3655 1788 3713; x_wconf 85' lang='lat' dir='ltr'><strong>lc·</strong></span> 
     </span>
     <span class='ocr_line' id='line_1_64' title="bbox 162 3722 1787 3800; baseline -0.006 -8"><span class='ocrx_word' id='word_1_682' title='bbox 162 3722 559 3794; x_wconf 53' lang='grc'><strong>11011111111011011011111111</strong></span> <span class='ocrx_word' id='word_1_683' title='bbox 576 3725 947 3800; x_wconf 77' lang='grc'><strong>111111111111111111111111111,</strong></span> <span class='ocrx_word' id='word_1_684' title='bbox 1000 3734 1087 3791; x_wconf 90' lang='lat' dir='ltr'><strong>liciter</strong></span> <span class='ocrx_word' id='word_1_685' title='bbox 1108 3730 1222 3788; x_wconf 88' lang='lat' dir='ltr'><strong>llomino</strong></span> <span class='ocrx_word' id='word_1_686' title='bbox 1236 3727 1433 3784; x_wconf 86' lang='lat' dir='ltr'><strong>reddiderunt:</strong></span> <span class='ocrx_word' id='word_1_687' title='bbox 1456 3741 1506 3782; x_wconf 90' lang='lat' dir='ltr'><strong>uec</strong></span> <span class='ocrx_word' id='word_1_688' title='bbox 1524 3737 1692 3797; x_wconf 72' lang='lat' dir='ltr'><strong>expaverunt</strong></span> <span class='ocrx_word' id='word_1_689' title='bbox 1706 3727 1787 3798; x_wconf 72' lang='lat' dir='ltr'><strong>lignis</strong></span> 
     </span>
     <span class='ocr_line' id='line_1_65' title="bbox 161 3792 1788 3876; baseline 0.002 -26"><span class='ocrx_word' id='word_1_690' title='bbox 161 3802 189 3850; x_wconf 90' lang='lat' dir='ltr'><strong>et</strong></span> <span class='ocrx_word' id='word_1_691' title='bbox 203 3794 350 3864; x_wconf 86' lang='lat' dir='ltr'><strong>majoribus</strong></span> <span class='ocrx_word' id='word_1_692' title='bbox 365 3792 479 3849; x_wconf 87' lang='lat' dir='ltr'><strong>vinculis</strong></span> <span class='ocrx_word' id='word_1_693' title='bbox 492 3793 609 3860; x_wconf 91' lang='lat' dir='ltr'><strong>onerari,</strong></span> <span class='ocrx_word' id='word_1_694' title='bbox 625 3794 771 3860; x_wconf 74' lang='lat' dir='ltr'><strong>navimque</strong></span> <span class='ocrx_word' id='word_1_695' title='bbox 787 3799 902 3867; x_wconf 90' lang='lat' dir='ltr'><strong>imperat</strong></span> <span class='ocrx_word' id='word_1_696' title='bbox 916 3801 947 3856; x_wconf 92' lang='lat' dir='ltr'><strong>li·</strong></span> <span class='ocrx_word' id='word_1_697' title='bbox 1000 3802 1179 3876; x_wconf 86' lang='lat' dir='ltr'><strong>quatientibus</strong></span> <span class='ocrx_word' id='word_1_698' title='bbox 1198 3798 1370 3863; x_wconf 87' lang='lat' dir='ltr'><strong>mortrllcari,</strong></span> <span class='ocrx_word' id='word_1_699' title='bbox 1388 3798 1484 3868; x_wconf 85' lang='lat' dir='ltr'><strong>quibus</strong></span> <span class='ocrx_word' id='word_1_700' title='bbox 1506 3811 1608 3866; x_wconf 90' lang='lat' dir='ltr'><strong>semper</strong></span> <span class='ocrx_word' id='word_1_701' title='bbox 1630 3795 1679 3852; x_wconf 91' lang='lat' dir='ltr'><strong>init</strong></span> <span class='ocrx_word' id='word_1_702' title='bbox 1696 3799 1788 3853; x_wconf 82' lang='lat' dir='ltr'><strong>orrtrria</strong></span> 
     </span>
     <span class='ocr_line' id='line_1_66' title="bbox 162 3864 1787 3946; baseline 0.002 -27"><span class='ocrx_word' id='word_1_703' title='bbox 162 3880 274 3934; x_wconf 79' lang='lat' dir='ltr'><strong>gnosum</strong></span> <span class='ocrx_word' id='word_1_704' title='bbox 284 3865 418 3921; x_wconf 91' lang='lat' dir='ltr'><strong>aridorum</strong></span> <span class='ocrx_word' id='word_1_705' title='bbox 440 3864 584 3932; x_wconf 87' lang='lat' dir='ltr'><strong>manipulis</strong></span> <span class='ocrx_word' id='word_1_706' title='bbox 597 3864 749 3934; x_wconf 90' lang='lat' dir='ltr'><strong>adimpleri,</strong></span> <span class='ocrx_word' id='word_1_707' title='bbox 765 3876 846 3938; x_wconf 85' lang='lat' dir='ltr'><strong>atquc</strong></span> <span class='ocrx_word' id='word_1_708' title='bbox 857 3869 883 3925; x_wconf 90' lang='lat' dir='ltr'><strong>in</strong></span> <span class='ocrx_word' id='word_1_709' title='bbox 904 3886 949 3927; x_wconf 89' lang='lat' dir='ltr'><strong>ea·</strong></span> <span class='ocrx_word' id='word_1_710' title='bbox 1000 3873 1196 3946; x_wconf 84' lang='lat' dir='ltr'><strong>spcsirrligno.</strong></span> <span class='ocrx_word' id='word_1_711' title='bbox 1211 3868 1338 3926; x_wconf 71' lang='grc'><strong>5111111</strong></span> <span class='ocrx_word' id='word_1_712' title='bbox 1355 3869 1381 3923; x_wconf 91' lang='lat' dir='ltr'><strong>in</strong></span> <span class='ocrx_word' id='word_1_713' title='bbox 1401 3871 1469 3922; x_wconf 88' lang='lat' dir='ltr'><strong>mari</strong></span> <span class='ocrx_word' id='word_1_714' title='bbox 1489 3865 1648 3923; x_wconf 79' lang='lat' dir='ltr'><strong>venerabilia</strong></span> <span class='ocrx_word' id='word_1_715' title='bbox 1672 3881 1787 3937; x_wconf 85' lang='lat' dir='ltr'><strong>corpora</strong></span> 
     </span>
     <span class='ocr_line' id='line_1_67' title="bbox 161 3934 1787 4017; baseline 0.002 -26"><span class='ocrx_word' id='word_1_716' title='bbox 161 3937 222 3991; x_wconf 90' lang='lat' dir='ltr'><strong>detn</strong></span> <span class='ocrx_word' id='word_1_717' title='bbox 241 3934 365 3991; x_wconf 85' lang='lat' dir='ltr'><strong>omatibus</strong></span> <span class='ocrx_word' id='word_1_718' title='bbox 379 3934 494 4004; x_wconf 89' lang='lat' dir='ltr'><strong>alligatis</strong></span> <span class='ocrx_word' id='word_1_719' title='bbox 510 3934 538 3989; x_wconf 90' lang='lat' dir='ltr'><strong>iu</strong></span> <span class='ocrx_word' id='word_1_720' title='bbox 558 3935 647 3991; x_wconf 91' lang='lat' dir='ltr'><strong>medio</strong></span> <span class='ocrx_word' id='word_1_721' title='bbox 662 3935 756 4007; x_wconf 79' lang='lat' dir='ltr'><strong>pelago</strong></span> <span class='ocrx_word' id='word_1_722' title='bbox 772 3937 833 4009; x_wconf 88' lang='lat' dir='ltr'><strong>igne</strong></span> <span class='ocrx_word' id='word_1_723' title='bbox 846 3954 947 4013; x_wconf 87' lang='lat' dir='ltr'><strong>suppo·</strong></span> <span class='ocrx_word' id='word_1_724' title='bbox 999 3947 1175 4017; x_wconf 87' lang='lat' dir='ltr'><strong>jactarentur,</strong></span> <span class='ocrx_word' id='word_1_725' title='bbox 1189 3939 1270 4004; x_wconf 91' lang='lat' dir='ltr'><strong>illico,</strong></span> <span class='ocrx_word' id='word_1_726' title='bbox 1282 3938 1454 4009; x_wconf 86' lang='lat' dir='ltr'><strong>quodcoutra</strong></span> <span class='ocrx_word' id='word_1_727' title='bbox 1470 3946 1589 3993; x_wconf 89' lang='lat' dir='ltr'><strong>naturam</strong></span> <span class='ocrx_word' id='word_1_728' title='bbox 1603 3945 1646 3992; x_wconf 90' lang='lat' dir='ltr'><strong>est</strong></span> <span class='ocrx_word' id='word_1_729' title='bbox 1655 3939 1787 4008; x_wconf 80' lang='lat' dir='ltr'><strong>aeqtruais,</strong></span> 
     </span>
     <span class='ocr_line' id='line_1_68' title="bbox 160 4005 1788 4079; baseline -0.005 -7"><span class='ocrx_word' id='word_1_730' title='bbox 160 4005 403 4063; x_wconf 78' lang='grc'><strong>111010011111111·</strong></span> <span class='ocrx_word' id='word_1_731' title='bbox 1000 4016 1094 4072; x_wconf 89' lang='lat' dir='ltr'><strong>eadem</strong></span> <span class='ocrx_word' id='word_1_732' title='bbox 1117 4013 1182 4068; x_wconf 89' lang='lat' dir='ltr'><strong>bora</strong></span> <span class='ocrx_word' id='word_1_733' title='bbox 1207 4010 1290 4065; x_wconf 84' lang='lat' dir='ltr'><strong>illaesa</strong></span> <span class='ocrx_word' id='word_1_734' title='bbox 1309 4023 1421 4079; x_wconf 89' lang='lat' dir='ltr'><strong>corpora</strong></span> <span class='ocrx_word' id='word_1_735' title='bbox 1439 4009 1547 4079; x_wconf 88' lang='lat' dir='ltr'><strong>pelagus</strong></span> <span class='ocrx_word' id='word_1_736' title='bbox 1568 4007 1651 4063; x_wconf 90' lang='lat' dir='ltr'><strong>littori</strong></span> <span class='ocrx_word' id='word_1_737' title='bbox 1671 4007 1788 4064; x_wconf 90' lang='lat' dir='ltr'><strong>reddero</strong></span> 
     </span>
    </p>

    <p class='ocr_par' dir='ltr' id='par_1_10' title="bbox 160 4075 1789 4410">
     <span class='ocr_line' id='line_1_69' title="bbox 198 4075 1787 4149; baseline 0.001 -17"><span class='ocrx_word' id='word_1_738' title='bbox 198 4077 229 4132; x_wconf 78' lang='lat' dir='ltr'><strong>i.</strong></span> <span class='ocrx_word' id='word_1_739' title='bbox 248 4075 345 4131; x_wconf 80' lang='lat' dir='ltr'><strong>Eorum</strong></span> <span class='ocrx_word' id='word_1_740' title='bbox 363 4075 496 4144; x_wconf 71' lang='lat' dir='ltr'><strong>fortitudo.</strong></span> <span class='ocrx_word' id='word_1_741' title='bbox 520 4105 556 4117; x_wconf 92' lang='grc'>-</span> <span class='ocrx_word' id='word_1_742' title='bbox 569 4075 732 4148; x_wconf 79' lang='lat' dir='ltr'><strong>Edttctistpuo</strong></span> <span class='ocrx_word' id='word_1_743' title='bbox 745 4079 799 4135; x_wconf 87' lang='lat' dir='ltr'><strong>illis</strong></span> <span class='ocrx_word' id='word_1_744' title='bbox 812 4080 949 4140; x_wconf 87' lang='lat' dir='ltr'><strong>decusto·</strong></span> <span class='ocrx_word' id='word_1_745' title='bbox 1001 4083 1161 4149; x_wconf 75' lang='lat' dir='ltr'><strong>maturavit,</strong></span> <span class='ocrx_word' id='word_1_746' title='bbox 1183 4095 1232 4137; x_wconf 92' lang='lat' dir='ltr'><strong>nec</strong></span> <span class='ocrx_word' id='word_1_747' title='bbox 1253 4093 1347 4134; x_wconf 89' lang='lat' dir='ltr'><strong>ausum</strong></span> <span class='ocrx_word' id='word_1_748' title='bbox 1371 4077 1436 4146; x_wconf 91' lang='lat' dir='ltr'><strong>luit,</strong></span> <span class='ocrx_word' id='word_1_749' title='bbox 1453 4089 1480 4133; x_wconf 92' lang='lat' dir='ltr'><strong>ut</strong></span> <span class='ocrx_word' id='word_1_750' title='bbox 1494 4078 1577 4133; x_wconf 91' lang='lat' dir='ltr'><strong>moris</strong></span> <span class='ocrx_word' id='word_1_751' title='bbox 1593 4089 1649 4144; x_wconf 83' lang='lat' dir='ltr'><strong>est,</strong></span> <span class='ocrx_word' id='word_1_752' title='bbox 1662 4080 1787 4134; x_wconf 85' lang='lat' dir='ltr'><strong>triduana</strong></span> 
     </span>
     <span class='ocr_line' id='line_1_70' title="bbox 160 4145 1789 4224; baseline 0.001 -21"><span class='ocrx_word' id='word_1_753' title='bbox 160 4147 216 4215; x_wconf 89' lang='lat' dir='ltr'><strong>dia,</strong></span> <span class='ocrx_word' id='word_1_754' title='bbox 230 4146 372 4201; x_wconf 90' lang='lat' dir='ltr'><strong>multitudo</strong></span> <span class='ocrx_word' id='word_1_755' title='bbox 387 4146 476 4215; x_wconf 90' lang='lat' dir='ltr'><strong>populi</strong></span> <span class='ocrx_word' id='word_1_756' title='bbox 491 4146 549 4211; x_wconf 84' lang='lat' dir='ltr'><strong>liei,</strong></span> <span class='ocrx_word' id='word_1_757' title='bbox 563 4145 708 4203; x_wconf 87' lang='lat' dir='ltr'><strong>bellatores</strong></span> <span class='ocrx_word' id='word_1_758' title='bbox 721 4148 858 4207; x_wconf 85' lang='lat' dir='ltr'><strong>Trinitatis</strong></span> <span class='ocrx_word' id='word_1_759' title='bbox 873 4156 949 4224; x_wconf 84' lang='lat' dir='ltr'><strong>quasi</strong></span> <span class='ocrx_word' id='word_1_760' title='bbox 1000 4157 1128 4213; x_wconf 90' lang='lat' dir='ltr'><strong>dilatione</strong></span> <span class='ocrx_word' id='word_1_761' title='bbox 1142 4154 1169 4208; x_wconf 93' lang='lat' dir='ltr'><strong>in</strong></span> <span class='ocrx_word' id='word_1_762' title='bbox 1180 4149 1312 4222; x_wconf 76' lang='lat' dir='ltr'><strong>profundo</strong></span> <span class='ocrx_word' id='word_1_763' title='bbox 1325 4149 1452 4215; x_wconf 89' lang='lat' dir='ltr'><strong>retinere,</strong></span> <span class='ocrx_word' id='word_1_764' title='bbox 1465 4164 1499 4203; x_wconf 88' lang='lat' dir='ltr'><strong>ne</strong></span> <span class='ocrx_word' id='word_1_765' title='bbox 1509 4148 1789 4218; x_wconf 86' lang='lat' dir='ltr'><strong>praeceptodouriuico</strong></span> 
     </span>
     <span class='ocr_line' id='line_1_71' title="bbox 163 4215 1788 4293; baseline -0.007 -8"><span class='ocrx_word' id='word_1_766' title='bbox 163 4215 948 4292; x_wconf 66' lang='grc' dir='ltr'><strong>11001111011111111111111111111111111111111,11111111ιί111</strong></span> <span class='ocrx_word' id='word_1_767' title='bbox 1000 4227 1110 4282; x_wconf 89' lang='lat' dir='ltr'><strong>minime</strong></span> <span class='ocrx_word' id='word_1_768' title='bbox 1124 4225 1266 4293; x_wconf 88' lang='lat' dir='ltr'><strong>paruisset.</strong></span> <span class='ocrx_word' id='word_1_769' title='bbox 1286 4220 1325 4274; x_wconf 90' lang='lat' dir='ltr'><strong>lld</strong></span> <span class='ocrx_word' id='word_1_770' title='bbox 1346 4218 1417 4289; x_wconf 83' lang='lat' dir='ltr'><strong>quod</strong></span> <span class='ocrx_word' id='word_1_771' title='bbox 1441 4219 1562 4273; x_wconf 87' lang='lat' dir='ltr'><strong>miraculi</strong></span> <span class='ocrx_word' id='word_1_772' title='bbox 1584 4233 1667 4289; x_wconf 87' lang='lat' dir='ltr'><strong>genus</strong></span> <span class='ocrx_word' id='word_1_773' title='bbox 1688 4230 1715 4274; x_wconf 93' lang='lat' dir='ltr'><strong>et</strong></span> <span class='ocrx_word' id='word_1_774' title='bbox 1728 4218 1788 4289; x_wconf 84' lang='lat' dir='ltr'><strong>ipsa</strong></span> 
     </span>
     <span class='ocr_line' id='line_1_72' title="bbox 161 4287 1788 4410; baseline 0.003 -72"><span class='ocrx_word' id='word_1_775' title='bbox 161 4287 281 4410; x_wconf 71' lang='lat' dir='ltr'><strong>pondera</strong></span> <span class='ocrx_word' id='word_1_776' title='bbox 294 4295 447 4341; x_wconf 69' lang='lat' dir='ltr'><strong>menarum</strong></span> <span class='ocrx_word' id='word_1_777' title='bbox 458 4287 683 4368; x_wconf 70' lang='lat' dir='ltr'><strong>,quesinuaedam</strong></span> <span class='ocrx_word' id='word_1_778' title='bbox 698 4290 807 4343; x_wconf 84' lang='lat' dir='ltr'><strong>morvilla</strong></span> <span class='ocrx_word' id='word_1_779' title='bbox 826 4294 948 4361; x_wconf 89' lang='lat' dir='ltr'><strong>pervide·</strong></span> <span class='ocrx_word' id='word_1_780' title='bbox 1001 4306 1138 4367; x_wconf 80' lang='lat' dir='ltr'><strong>tyrannus,</strong></span> <span class='ocrx_word' id='word_1_781' title='bbox 1154 4292 1215 4349; x_wconf 90' lang='lat' dir='ltr'><strong>lieet</strong></span> <span class='ocrx_word' id='word_1_782' title='bbox 1229 4289 1415 4360; x_wconf 83' lang='lat' dir='ltr'><strong>impoenitens,</strong></span> <span class='ocrx_word' id='word_1_783' title='bbox 1428 4297 1457 4343; x_wconf 93' lang='lat' dir='ltr'><strong>ut</strong></span> <span class='ocrx_word' id='word_1_784' title='bbox 1469 4291 1567 4356; x_wconf 90' lang='lat' dir='ltr'><strong>iertur,</strong></span> <span class='ocrx_word' id='word_1_785' title='bbox 1584 4291 1703 4358; x_wconf 82' lang='lat' dir='ltr'><strong>expavit.</strong></span> <span class='ocrx_word' id='word_1_786' title='bbox 1714 4288 1788 4344; x_wconf 85' lang='lat' dir='ltr'><strong>Gau·</strong></span> 
     </span>
    </p>

    <p class='ocr_par' dir='ltr' id='par_1_11' title="bbox 161 4354 1788 4578">
     <span class='ocr_line' id='line_1_73' title="bbox 181 4354 1788 4433; baseline 0.004 -25"><span class='ocrx_word' id='word_1_787' title='bbox 181 4363 225 4421; x_wconf 89' lang='lat' dir='ltr'><strong>at,</strong></span> <span class='ocrx_word' id='word_1_788' title='bbox 238 4370 300 4424; x_wconf 82' lang='lat' dir='ltr'><strong>outa</strong></span> <span class='ocrx_word' id='word_1_789' title='bbox 323 4369 377 4410; x_wconf 92' lang='lat' dir='ltr'><strong>uon</strong></span> <span class='ocrx_word' id='word_1_790' title='bbox 392 4355 499 4408; x_wconf 88' lang='lat' dir='ltr'><strong>luerunt</strong></span> <span class='ocrx_word' id='word_1_791' title='bbox 512 4354 557 4409; x_wconf 91' lang='lat' dir='ltr'><strong>rlla</strong></span> <span class='ocrx_word' id='word_1_792' title='bbox 571 4357 695 4423; x_wconf 85' lang='lat' dir='ltr'><strong>arnoula,</strong></span> <span class='ocrx_word' id='word_1_793' title='bbox 713 4358 766 4430; x_wconf 49' lang='lat' dir='ltr'><strong>,aed</strong></span> <span class='ocrx_word' id='word_1_794' title='bbox 779 4374 946 4420; x_wconf 75' lang='lat' dir='ltr'><strong>(ornamenta.</strong></span> <span class='ocrx_word' id='word_1_795' title='bbox 1000 4371 1066 4422; x_wconf 91' lang='lat' dir='ltr'><strong>dens</strong></span> <span class='ocrx_word' id='word_1_796' title='bbox 1078 4374 1167 4422; x_wconf 89' lang='lat' dir='ltr'><strong>autem</strong></span> <span class='ocrx_word' id='word_1_797' title='bbox 1183 4376 1242 4433; x_wconf 75' lang='lat' dir='ltr'><strong>qum</strong></span> <span class='ocrx_word' id='word_1_798' title='bbox 1260 4363 1353 4415; x_wconf 89' lang='lat' dir='ltr'><strong>aderat</strong></span> <span class='ocrx_word' id='word_1_799' title='bbox 1377 4358 1535 4425; x_wconf 89' lang='lat' dir='ltr'><strong>multitudo,</strong></span> <span class='ocrx_word' id='word_1_800' title='bbox 1551 4372 1663 4428; x_wconf 88' lang='lat' dir='ltr'><strong>corpora</strong></span> <span class='ocrx_word' id='word_1_801' title='bbox 1676 4371 1788 4415; x_wconf 90' lang='lat' dir='ltr'><strong>saucto-</strong></span> 
     </span>
     <span class='ocr_line' id='line_1_74' title="bbox 162 4423 1788 4506; baseline 0.004 -29"><span class='ocrx_word' id='word_1_802' title='bbox 162 4423 322 4481; x_wconf 86' lang='lat' dir='ltr'><strong>lueedebant</strong></span> <span class='ocrx_word' id='word_1_803' title='bbox 343 4427 432 4493; x_wconf 85' lang='lat' dir='ltr'><strong>itaque</strong></span> <span class='ocrx_word' id='word_1_804' title='bbox 444 4439 504 4478; x_wconf 90' lang='lat' dir='ltr'><strong>cnm</strong></span> <span class='ocrx_word' id='word_1_805' title='bbox 522 4425 618 4480; x_wconf 89' lang='lat' dir='ltr'><strong>liducia</strong></span> <span class='ocrx_word' id='word_1_806' title='bbox 637 4426 671 4480; x_wconf 88' lang='lat' dir='ltr'><strong>ad</strong></span> <span class='ocrx_word' id='word_1_807' title='bbox 685 4427 856 4498; x_wconf 87' lang='lat' dir='ltr'><strong>suppliciunt,</strong></span> <span class='ocrx_word' id='word_1_808' title='bbox 872 4436 947 4502; x_wconf 80' lang='lat' dir='ltr'><strong>quasi</strong></span> <span class='ocrx_word' id='word_1_809' title='bbox 998 4453 1058 4493; x_wconf 93' lang='lat' dir='ltr'><strong>rurn</strong></span> <span class='ocrx_word' id='word_1_810' title='bbox 1071 4443 1216 4506; x_wconf 70' lang='lat' dir='ltr'><strong>martyrum</strong></span> <span class='ocrx_word' id='word_1_811' title='bbox 1229 4431 1348 4501; x_wconf 85' lang='lat' dir='ltr'><strong>diligenti</strong></span> <span class='ocrx_word' id='word_1_812' title='bbox 1359 4428 1468 4484; x_wconf 91' lang='lat' dir='ltr'><strong>tradidit</strong></span> <span class='ocrx_word' id='word_1_813' title='bbox 1480 4428 1635 4499; x_wconf 81' lang='lat' dir='ltr'><strong>sepulture,</strong></span> <span class='ocrx_word' id='word_1_814' title='bbox 1665 4438 1788 4484; x_wconf 73' lang='lat' dir='ltr'><strong>recutite</strong></span> 
     </span>
     <span class='ocr_line' id='line_1_75' title="bbox 161 4495 1787 4578; baseline 0.004 -29"><span class='ocrx_word' id='word_1_815' title='bbox 161 4495 194 4550; x_wconf 92' lang='lat' dir='ltr'><strong>ad</strong></span> <span class='ocrx_word' id='word_1_816' title='bbox 208 4496 300 4567; x_wconf 87' lang='lat' dir='ltr'><strong>epulas</strong></span> <span class='ocrx_word' id='word_1_817' title='bbox 316 4503 520 4560; x_wconf 74' lang='lat' dir='ltr'><strong>concurrentes,</strong></span> <span class='ocrx_word' id='word_1_818' title='bbox 543 4510 596 4549; x_wconf 80' lang='grc'><strong>011</strong></span> <span class='ocrx_word' id='word_1_819' title='bbox 617 4511 683 4552; x_wconf 78' lang='lat' dir='ltr'><strong>voce</strong></span> <span class='ocrx_word' id='word_1_820' title='bbox 696 4513 745 4567; x_wconf 89' lang='lat' dir='ltr'><strong>per</strong></span> <span class='ocrx_word' id='word_1_821' title='bbox 757 4499 874 4558; x_wconf 88' lang='lat' dir='ltr'><strong>ambitus</strong></span> <span class='ocrx_word' id='word_1_822' title='bbox 888 4506 985 4578; x_wconf 76' lang='lat' dir='ltr'><strong>pla-1)</strong></span> <span class='ocrx_word' id='word_1_823' title='bbox 999 4509 1071 4564; x_wconf 84' lang='lat' dir='ltr'><strong>clero</strong></span> <span class='ocrx_word' id='word_1_824' title='bbox 1088 4503 1233 4561; x_wconf 81' lang='lat' dir='ltr'><strong>venerabili</strong></span> <span class='ocrx_word' id='word_1_825' title='bbox 1246 4499 1464 4569; x_wconf 80' lang='lat' dir='ltr'><strong>Gambagineusis</strong></span> <span class='ocrx_word' id='word_1_826' title='bbox 1486 4499 1621 4555; x_wconf 78' lang='lat' dir='ltr'><strong>Ecclesiae.</strong></span> <span class='ocrx_word' id='word_1_827' title='bbox 1661 4499 1686 4554; x_wconf 87' lang='lat' dir='ltr'><strong>ni</strong></span> <span class='ocrx_word' id='word_1_828' title='bbox 1700 4501 1787 4555; x_wconf 85' lang='lat' dir='ltr'><strong>etiarn</strong></span> 
     </span>
    </p>
   </div>
   <div class='ocr_carea' id='block_1_8' title="bbox 129 4638 1788 5432">
    <p class='ocr_par' dir='ltr' id='par_1_12' title="bbox 129 4638 1788 4941">
     <span class='ocr_line' id='line_1_76' title="bbox 196 4638 1751 4723; baseline 0.005 -29"><span class='ocrx_word' id='word_1_829' title='bbox 196 4648 209 4678; x_wconf 88' lang='lat'><strong>·</strong></span> <span class='ocrx_word' id='word_1_830' title='bbox 229 4639 302 4695; x_wconf 86' lang='lat' dir='ltr'><strong>Port.</strong></span> <span class='ocrx_word' id='word_1_831' title='bbox 316 4647 344 4694; x_wconf 90' lang='lat' dir='ltr'><strong>et</strong></span> <span class='ocrx_word' id='word_1_832' title='bbox 357 4638 487 4723; x_wconf 73' lang='lat' dir='ltr'><strong>llotlterus</strong></span> <span class='ocrx_word' id='word_1_833' title='bbox 502 4640 529 4696; x_wconf 91' lang='lat' dir='ltr'><strong>in</strong></span> <span class='ocrx_word' id='word_1_834' title='bbox 543 4642 743 4715; x_wconf 85' lang='lat' dir='ltr'><strong>martyrologio,</strong></span> <span class='ocrx_word' id='word_1_835' title='bbox 759 4646 882 4718; x_wconf 77' lang='lat' dir='ltr'><strong>Servius,-</strong></span> <span class='ocrx_word' id='word_1_836' title='bbox 895 4654 946 4712; x_wconf 90' lang='lat' dir='ltr'><strong>0r-</strong></span> <span class='ocrx_word' id='word_1_837' title='bbox 996 4658 1121 4715; x_wconf 83' lang='lat' dir='ltr'><strong>Notitiam</strong></span> <span class='ocrx_word' id='word_1_838' title='bbox 1136 4652 1204 4710; x_wconf 89' lang='lat' dir='ltr'><strong>inira</strong></span> <span class='ocrx_word' id='word_1_839' title='bbox 1217 4651 1288 4707; x_wconf 89' lang='lat' dir='ltr'><strong>inter</strong></span> <span class='ocrx_word' id='word_1_840' title='bbox 1300 4649 1462 4721; x_wconf 76' lang='lat' dir='ltr'><strong>byzacenos,</strong></span> <span class='ocrx_word' id='word_1_841' title='bbox 1473 4663 1547 4705; x_wconf 93' lang='lat' dir='ltr'><strong>num.</strong></span> <span class='ocrx_word' id='word_1_842' title='bbox 1556 4647 1591 4705; x_wconf 79' lang='grc'><strong>61)</strong></span> <span class='ocrx_word' id='word_1_843' title='bbox 1601 4640 1662 4718; x_wconf 83' lang='lat' dir='ltr'><strong>(ool.</strong></span> <span class='ocrx_word' id='word_1_844' title='bbox 1672 4647 1751 4721; x_wconf 74' lang='lat'><strong>525).</strong></span> 
     </span>
     <span class='ocr_line' id='line_1_77' title="bbox 160 4709 1787 4794; baseline 0.007 -28"><span class='ocrx_word' id='word_1_845' title='bbox 160 4711 235 4768; x_wconf 86' lang='lat' dir='ltr'><strong>tlrod.</strong></span> <span class='ocrx_word' id='word_1_846' title='bbox 248 4725 308 4766; x_wconf 89' lang='lat' dir='ltr'><strong>eum</strong></span> <span class='ocrx_word' id='word_1_847' title='bbox 320 4709 462 4779; x_wconf 74' lang='lat' dir='ltr'><strong>macuto,</strong></span> <span class='ocrx_word' id='word_1_848' title='bbox 480 4710 570 4768; x_wconf 81' lang='lat' dir='ltr'><strong>Serva.</strong></span> <span class='ocrx_word' id='word_1_849' title='bbox 594 4713 627 4768; x_wconf 81' lang='lat' dir='ltr'><strong>lit</strong></span> <span class='ocrx_word' id='word_1_850' title='bbox 639 4715 724 4782; x_wconf 86' lang='lat' dir='ltr'><strong>inira,</strong></span> <span class='ocrx_word' id='word_1_851' title='bbox 741 4729 788 4786; x_wconf 89' lang='lat' dir='ltr'><strong>pro</strong></span> <span class='ocrx_word' id='word_1_852' title='bbox 804 4720 955 4794; x_wconf 72' lang='lat' dir='ltr'><strong>Septimus,</strong></span> <span class='ocrx_word' id='word_1_853' title='bbox 1034 4740 1045 4768; x_wconf 76' lang='lat' dir='ltr'><strong>s</strong></span> <span class='ocrx_word' id='word_1_854' title='bbox 1061 4727 1137 4783; x_wconf 83' lang='lat' dir='ltr'><strong>colb.</strong></span> <span class='ocrx_word' id='word_1_855' title='bbox 1154 4728 1181 4788; x_wconf 91' lang='lat' dir='ltr'><strong>i,</strong></span> <span class='ocrx_word' id='word_1_856' title='bbox 1195 4722 1302 4777; x_wconf 87' lang='lat' dir='ltr'><strong>Loriclt.</strong></span> <span class='ocrx_word' id='word_1_857' title='bbox 1316 4729 1344 4776; x_wconf 92' lang='lat' dir='ltr'><strong>et</strong></span> <span class='ocrx_word' id='word_1_858' title='bbox 1357 4719 1446 4786; x_wconf 81' lang='lat' dir='ltr'><strong>urta,</strong></span> <span class='ocrx_word' id='word_1_859' title='bbox 1462 4735 1524 4789; x_wconf 80' lang='lat' dir='ltr'><strong>qaas</strong></span> <span class='ocrx_word' id='word_1_860' title='bbox 1537 4721 1563 4773; x_wconf 92' lang='lat' dir='ltr'><strong>in</strong></span> <span class='ocrx_word' id='word_1_861' title='bbox 1579 4727 1703 4785; x_wconf 72' lang='lat' dir='ltr'><strong>anneto.</strong></span> <span class='ocrx_word' id='word_1_862' title='bbox 1720 4720 1787 4791; x_wconf 80' lang='lat' dir='ltr'><strong>atii,</strong></span> 
     </span>
     <span class='ocr_line' id='line_1_78' title="bbox 160 4781 1788 4871; baseline 0.006 -32"><span class='ocrx_word' id='word_1_863' title='bbox 160 4781 266 4839; x_wconf 80' lang='lat' dir='ltr'><strong>dolui</strong></span> <span class='ocrx_word' id='word_1_864' title='bbox 290 4789 318 4838; x_wconf 90' lang='lat' dir='ltr'><strong>et</strong></span> <span class='ocrx_word' id='word_1_865' title='bbox 339 4781 411 4864; x_wconf 60' lang='lat' dir='ltr'><strong>ijort.</strong></span> <span class='ocrx_word' id='word_1_866' title='bbox 436 4797 496 4864; x_wconf 80' lang='lat' dir='ltr'><strong>curn</strong></span> <span class='ocrx_word' id='word_1_867' title='bbox 520 4782 637 4854; x_wconf 79' lang='lat' dir='ltr'><strong>llotltero</strong></span> <span class='ocrx_word' id='word_1_868' title='bbox 658 4785 757 4842; x_wconf 88' lang='lat' dir='ltr'><strong>babent</strong></span> <span class='ocrx_word' id='word_1_869' title='bbox 778 4790 813 4844; x_wconf 85' lang='lat' dir='ltr'><strong>Se</strong></span> <span class='ocrx_word' id='word_1_870' title='bbox 832 4794 945 4852; x_wconf 78' lang='lat' dir='ltr'><strong>aiminus.</strong></span> <span class='ocrx_word' id='word_1_871' title='bbox 995 4798 1103 4871; x_wconf 78' lang='lat' dir='ltr'><strong>quadiu</strong></span> <span class='ocrx_word' id='word_1_872' title='bbox 1107 4833 1161 4854; x_wconf 91' lang='grc'><strong>.....</strong></span> <span class='ocrx_word' id='word_1_873' title='bbox 1179 4791 1311 4847; x_wconf 75' lang='lat' dir='ltr'><strong>Trinitatis</strong></span> <span class='ocrx_word' id='word_1_874' title='bbox 1325 4791 1444 4862; x_wconf 84' lang='lat' dir='ltr'><strong>dipnotaa</strong></span> <span class='ocrx_word' id='word_1_875' title='bbox 1457 4798 1511 4853; x_wconf 82' lang='lat' dir='ltr'><strong>eat,</strong></span> <span class='ocrx_word' id='word_1_876' title='bbox 1526 4798 1578 4846; x_wconf 84' lang='lat' dir='ltr'><strong>etc.</strong></span> <span class='ocrx_word' id='word_1_877' title='bbox 1593 4789 1719 4845; x_wconf 85' lang='lat' dir='ltr'><strong>llontruili</strong></span> <span class='ocrx_word' id='word_1_878' title='bbox 1737 4805 1788 4861; x_wconf 87' lang='lat' dir='ltr'><strong>pro</strong></span> 
     </span>
     <span class='ocr_line' id='line_1_79' title="bbox 129 4809 1236 4941; baseline 0.005 -31"><span class='ocrx_word' id='word_1_879' title='bbox 129 4886 133 4933; x_wconf 69' lang='lat'>3</span> <span class='ocrx_word' id='word_1_880' title='bbox 160 4809 945 4934; x_wconf 51' lang='lat' dir='ltr'><strong>AdoverolegrtSepunasuui’orroinrecensentffsborum</strong></span> <span class='ocrx_word' id='word_1_881' title='bbox 995 4871 1062 4941; x_wconf 80' lang='lat' dir='ltr'><strong>quod</strong></span> <span class='ocrx_word' id='word_1_882' title='bbox 1076 4863 1236 4933; x_wconf 79' lang='lat' dir='ltr'><strong>habentqui.</strong></span> 
     </span>
    </p>

    <p class='ocr_par' dir='ltr' id='par_1_13' title="bbox 161 4921 1787 5146">
     <span class='ocr_line' id='line_1_80' title="bbox 161 4921 1787 5007; baseline 0.002 -22"><span class='ocrx_word' id='word_1_883' title='bbox 161 4931 306 5006; x_wconf 65' lang='grc'><strong>1111111111</strong></span> <span class='ocrx_word' id='word_1_884' title='bbox 321 4922 491 5005; x_wconf 69' lang='grc'><strong>1011101111,</strong></span> <span class='ocrx_word' id='word_1_885' title='bbox 513 4921 643 4979; x_wconf 78' lang='lat' dir='ltr'><strong>Liberatus</strong></span> <span class='ocrx_word' id='word_1_886' title='bbox 659 4928 811 4984; x_wconf 80' lang='grc'><strong>1111111111</strong></span> <span class='ocrx_word' id='word_1_887' title='bbox 824 4945 885 5002; x_wconf 81' lang='lat' dir='ltr'><strong>post</strong></span> <span class='ocrx_word' id='word_1_888' title='bbox 898 4952 947 4993; x_wconf 88' lang='lat' dir='ltr'><strong>eos</strong></span> <span class='ocrx_word' id='word_1_889' title='bbox 969 4962 972 4967; x_wconf 88' lang='lat'>·</span> <span class='ocrx_word' id='word_1_890' title='bbox 1031 4936 1046 4976; x_wconf 85' lang='grc'><strong>1</strong></span> <span class='ocrx_word' id='word_1_891' title='bbox 1065 4937 1174 5007; x_wconf 77' lang='lat' dir='ltr'><strong>Aliquot</strong></span> <span class='ocrx_word' id='word_1_892' title='bbox 1187 4933 1293 4989; x_wconf 81' lang='lat' dir='ltr'><strong>codices</strong></span> <span class='ocrx_word' id='word_1_893' title='bbox 1305 4930 1515 4986; x_wconf 83' lang='lat' dir='ltr'><strong>babeutarctoti.</strong></span> <span class='ocrx_word' id='word_1_894' title='bbox 1528 4929 1680 5002; x_wconf 75' lang='lat' dir='ltr'><strong>etquidem</strong></span> <span class='ocrx_word' id='word_1_895' title='bbox 1693 4929 1734 4986; x_wconf 92' lang='lat' dir='ltr'><strong>sic</strong></span> <span class='ocrx_word' id='word_1_896' title='bbox 1748 4933 1787 4988; x_wconf 86' lang='lat' dir='ltr'><strong>lo·</strong></span> 
     </span>
     <span class='ocr_line' id='line_1_81' title="bbox 161 4994 1786 5081; baseline 0.008 -34"><span class='ocrx_word' id='word_1_897' title='bbox 161 5003 207 5063; x_wconf 77' lang='lat' dir='ltr'><strong>out</strong></span> <span class='ocrx_word' id='word_1_898' title='bbox 227 5006 310 5047; x_wconf 84' lang='lat' dir='ltr'><strong>sacras</strong></span> <span class='ocrx_word' id='word_1_899' title='bbox 334 4999 430 5047; x_wconf 88' lang='lat' dir='ltr'><strong>trrrttau</strong></span> <span class='ocrx_word' id='word_1_900' title='bbox 451 5002 548 5061; x_wconf 89' lang='lat' dir='ltr'><strong>erant,</strong></span> <span class='ocrx_word' id='word_1_901' title='bbox 568 4994 603 5049; x_wconf 92' lang='lat' dir='ltr'><strong>ob</strong></span> <span class='ocrx_word' id='word_1_902' title='bbox 624 4996 730 5052; x_wconf 86' lang='lat' dir='ltr'><strong>llrdirtis</strong></span> <span class='ocrx_word' id='word_1_903' title='bbox 759 5006 945 5063; x_wconf 88' lang='lat' dir='ltr'><strong>reverentiam.</strong></span> <span class='ocrx_word' id='word_1_904' title='bbox 996 5009 1035 5081; x_wconf 88' lang='lat' dir='ltr'><strong>git</strong></span> <span class='ocrx_word' id='word_1_905' title='bbox 1044 5007 1112 5074; x_wconf 74' lang='lat' dir='ltr'><strong>Ado,</strong></span> <span class='ocrx_word' id='word_1_906' title='bbox 1127 5006 1171 5077; x_wconf 85' lang='lat' dir='ltr'><strong>qui</strong></span> <span class='ocrx_word' id='word_1_907' title='bbox 1181 5005 1208 5060; x_wconf 91' lang='lat' dir='ltr'><strong>iu</strong></span> <span class='ocrx_word' id='word_1_908' title='bbox 1222 5005 1301 5073; x_wconf 83' lang='lat' dir='ltr'><strong>liujus</strong></span> <span class='ocrx_word' id='word_1_909' title='bbox 1314 5001 1449 5057; x_wconf 83' lang='lat' dir='ltr'><strong>Passionis</strong></span> <span class='ocrx_word' id='word_1_910' title='bbox 1463 5003 1621 5072; x_wconf 88' lang='lat' dir='ltr'><strong>compendio</strong></span> <span class='ocrx_word' id='word_1_911' title='bbox 1632 5001 1673 5058; x_wconf 90' lang='lat' dir='ltr'><strong>sie</strong></span> <span class='ocrx_word' id='word_1_912' title='bbox 1684 5001 1786 5060; x_wconf 83' lang='lat' dir='ltr'><strong>ltabct:</strong></span> 
     </span>
     <span class='ocr_line' id='line_1_82' title="bbox 161 5063 1570 5146; baseline 0.013 -28"><span class='ocrx_word' id='word_1_913' title='bbox 161 5063 257 5144; x_wconf 77' lang='lat' dir='ltr'><strong>Postea</strong></span> <span class='ocrx_word' id='word_1_914' title='bbox 271 5069 400 5144; x_wconf 68' lang='lat' dir='ltr'><strong>statutum</strong></span> <span class='ocrx_word' id='word_1_915' title='bbox 413 5072 455 5117; x_wconf 90' lang='lat' dir='ltr'><strong>est</strong></span> <span class='ocrx_word' id='word_1_916' title='bbox 470 5072 498 5118; x_wconf 95' lang='grc' dir='ltr'><strong>ιιι</strong></span> <span class='ocrx_word' id='word_1_917' title='bbox 516 5063 625 5146; x_wconf 74' lang='lat' dir='ltr'><strong>abbates</strong></span> <span class='ocrx_word' id='word_1_918' title='bbox 637 5069 719 5122; x_wconf 90' lang='lat' dir='ltr'><strong>sacris</strong></span> <span class='ocrx_word' id='word_1_919' title='bbox 733 5080 824 5125; x_wconf 84' lang='lat' dir='ltr'><strong>esseut</strong></span> <span class='ocrx_word' id='word_1_920' title='bbox 843 5077 944 5132; x_wconf 88' lang='lat' dir='ltr'><strong>ordini·</strong></span> <span class='ocrx_word' id='word_1_921' title='bbox 997 5078 1140 5134; x_wconf 81' lang='lat' dir='ltr'><strong>crudelibus</strong></span> <span class='ocrx_word' id='word_1_922' title='bbox 1154 5075 1215 5144; x_wconf 74' lang='lat' dir='ltr'><strong>luri</strong></span> <span class='ocrx_word' id='word_1_923' title='bbox 1228 5070 1381 5145; x_wconf 73' lang='lat' dir='ltr'><strong>postdert&#39;btvv</strong></span> <span class='ocrx_word' id='word_1_924' title='bbox 1394 5072 1502 5136; x_wconf 82' lang='lat' dir='ltr'><strong>aretati,</strong></span> <span class='ocrx_word' id='word_1_925' title='bbox 1518 5079 1570 5127; x_wconf 86' lang='grc'><strong>111·</strong></span> 
     </span>
    </p>

    <p class='ocr_par' dir='ltr' id='par_1_14' title="bbox 161 5131 1785 5286">
     <span class='ocr_line' id='line_1_83' title="bbox 161 5131 1785 5216; baseline 0.006 -29"><span class='ocrx_word' id='word_1_926' title='bbox 161 5131 212 5216; x_wconf 80' lang='lat' dir='ltr'><strong>bus</strong></span> <span class='ocrx_word' id='word_1_927' title='bbox 235 5133 363 5201; x_wconf 86' lang='lat' dir='ltr'><strong>raargutti.</strong></span> <span class='ocrx_word' id='word_1_928' title='bbox 386 5131 505 5189; x_wconf 86' lang='lat' dir='ltr'><strong>Observa</strong></span> <span class='ocrx_word' id='word_1_929' title='bbox 524 5141 588 5189; x_wconf 87' lang='lat' dir='ltr'><strong>rtem</strong></span> <span class='ocrx_word' id='word_1_930' title='bbox 611 5150 659 5192; x_wconf 88' lang='lat' dir='ltr'><strong>eos</strong></span> <span class='ocrx_word' id='word_1_931' title='bbox 680 5138 724 5207; x_wconf 78' lang='lat' dir='ltr'><strong>qni</strong></span> <span class='ocrx_word' id='word_1_932' title='bbox 743 5140 833 5210; x_wconf 83' lang='lat' dir='ltr'><strong>aliquo</strong></span> <span class='ocrx_word' id='word_1_933' title='bbox 850 5146 946 5204; x_wconf 91' lang='lat' dir='ltr'><strong>ordine</strong></span> <span class='ocrx_word' id='word_1_934' title='bbox 1034 5159 1046 5188; x_wconf 71' lang='lat' dir='ltr'><strong>s</strong></span> <span class='ocrx_word' id='word_1_935' title='bbox 1066 5148 1115 5203; x_wconf 85' lang='lat' dir='ltr'><strong>tilii</strong></span> <span class='ocrx_word' id='word_1_936' title='bbox 1129 5147 1235 5210; x_wconf 87' lang='lat' dir='ltr'><strong>itabens,</strong></span> <span class='ocrx_word' id='word_1_937' title='bbox 1247 5142 1292 5197; x_wconf 87' lang='lat' dir='ltr'><strong>aed</strong></span> <span class='ocrx_word' id='word_1_938' title='bbox 1304 5141 1446 5213; x_wconf 84' lang='lat' dir='ltr'><strong>etpopulva</strong></span> <span class='ocrx_word' id='word_1_939' title='bbox 1460 5140 1630 5210; x_wconf 86' lang='lat' dir='ltr'><strong>puilicaooce</strong></span> <span class='ocrx_word' id='word_1_940' title='bbox 1645 5141 1785 5198; x_wconf 81' lang='lat' dir='ltr'><strong>clamabat.</strong></span> 
     </span>
     <span class='ocr_line' id='line_1_84' title="bbox 162 5201 1698 5286; baseline 0.007 -28"><span class='ocrx_word' id='word_1_941' title='bbox 162 5201 282 5284; x_wconf 79' lang='lat' dir='ltr'><strong>insigniti</strong></span> <span class='ocrx_word' id='word_1_942' title='bbox 299 5210 395 5284; x_wconf 77' lang='lat' dir='ltr'><strong>erant,</strong></span> <span class='ocrx_word' id='word_1_943' title='bbox 415 5202 516 5286; x_wconf 79' lang='lat' dir='ltr'><strong>omisso</strong></span> <span class='ocrx_word' id='word_1_944' title='bbox 536 5207 658 5261; x_wconf 81' lang='lat' dir='ltr'><strong>monachi</strong></span> <span class='ocrx_word' id='word_1_945' title='bbox 672 5210 797 5279; x_wconf 83' lang='lat' dir='ltr'><strong>uomirte,</strong></span> <span class='ocrx_word' id='word_1_946' title='bbox 813 5211 857 5270; x_wconf 91' lang='lat' dir='ltr'><strong>bic</strong></span> <span class='ocrx_word' id='word_1_947' title='bbox 869 5216 948 5274; x_wconf 92' lang='lat' dir='ltr'><strong>titulo</strong></span> <span class='ocrx_word' id='word_1_948' title='bbox 1034 5217 1044 5257; x_wconf 90' lang='grc'><strong>1</strong></span> <span class='ocrx_word' id='word_1_949' title='bbox 1065 5212 1698 5283; x_wconf 67' lang='grc' dir='ltr'><strong>111111111111111111111111ιιιιιριιὶιιειιιιιιιιή.</strong></span> 
     </span>
    </p>

    <p class='ocr_par' dir='ltr' id='par_1_15' title="bbox 161 5270 1786 5432">
     <span class='ocr_line' id='line_1_85' title="bbox 161 5270 1786 5355; baseline 0.004 -25"><span class='ocrx_word' id='word_1_950' title='bbox 161 5287 219 5330; x_wconf 79' lang='lat' dir='ltr'><strong>auae</strong></span> <span class='ocrx_word' id='word_1_951' title='bbox 235 5270 475 5355; x_wconf 65' lang='lat' dir='ltr'><strong>dignatattstunae</strong></span> <span class='ocrx_word' id='word_1_952' title='bbox 487 5275 655 5346; x_wconf 90' lang='lat' dir='ltr'><strong>designatos,</strong></span> <span class='ocrx_word' id='word_1_953' title='bbox 671 5292 730 5348; x_wconf 75' lang='lat' dir='ltr'><strong>quse</strong></span> <span class='ocrx_word' id='word_1_954' title='bbox 749 5290 807 5335; x_wconf 86' lang='lat' dir='ltr'><strong>erat</strong></span> <span class='ocrx_word' id='word_1_955' title='bbox 825 5294 945 5343; x_wconf 89' lang='lat' dir='ltr'><strong>veterum</strong></span> <span class='ocrx_word' id='word_1_956' title='bbox 1033 5286 1246 5342; x_wconf 72' lang='lat' dir='ltr'><strong>scotaicum</strong></span> <span class='ocrx_word' id='word_1_957' title='bbox 1267 5281 1420 5348; x_wconf 81' lang='lat' dir='ltr'><strong>Glitdetia,</strong></span> <span class='ocrx_word' id='word_1_958' title='bbox 1441 5281 1546 5337; x_wconf 76' lang='lat' dir='ltr'><strong>eleuant</strong></span> <span class='ocrx_word' id='word_1_959' title='bbox 1563 5283 1647 5354; x_wconf 84' lang='lat' dir='ltr'><strong>positu</strong></span> <span class='ocrx_word' id='word_1_960' title='bbox 1665 5281 1786 5351; x_wconf 75' lang='grc'><strong>1111111111</strong></span> 
     </span>
     <span class='ocr_line' id='line_1_86' title="bbox 162 5342 1786 5432; baseline 0.004 -32"><span class='ocrx_word' id='word_1_961' title='bbox 162 5342 338 5400; x_wconf 87' lang='lat' dir='ltr'><strong>cousuetudo.</strong></span> <span class='ocrx_word' id='word_1_962' title='bbox 354 5342 541 5401; x_wconf 86' lang='lat' dir='ltr'><strong>lltncsanctus</strong></span> <span class='ocrx_word' id='word_1_963' title='bbox 554 5346 739 5418; x_wconf 80' lang='lat' dir='ltr'><strong>ilieronymus,</strong></span> <span class='ocrx_word' id='word_1_964' title='bbox 755 5351 948 5413; x_wconf 68' lang='grc'><strong>1111111111-</strong></span> <span class='ocrx_word' id='word_1_965' title='bbox 996 5374 1072 5432; x_wconf 81' lang='lat' dir='ltr'><strong>quam</strong></span> <span class='ocrx_word' id='word_1_966' title='bbox 1090 5357 1185 5430; x_wconf 81' lang='lat' dir='ltr'><strong>lipotis.</strong></span> <span class='ocrx_word' id='word_1_967' title='bbox 1208 5358 1243 5408; x_wconf 80' lang='grc' dir='ltr'>Αι</span> <span class='ocrx_word' id='word_1_968' title='bbox 1261 5351 1400 5406; x_wconf 74' lang='lat' dir='ltr'><strong>coactum</strong></span> <span class='ocrx_word' id='word_1_969' title='bbox 1421 5365 1481 5406; x_wconf 92' lang='lat' dir='ltr'><strong>cum</strong></span> <span class='ocrx_word' id='word_1_970' title='bbox 1504 5352 1669 5416; x_wconf 81' lang='grc'><strong>1111111111..</strong></span> <span class='ocrx_word' id='word_1_971' title='bbox 1690 5355 1786 5407; x_wconf 79' lang='lat' dir='ltr'><strong>rimari</strong></span> 
     </span>
    </p>
   </div>
   <div class='ocr_carea' id='block_1_9' title="bbox 125 5412 1787 5698">
    <p class='ocr_par' dir='ltr' id='par_1_16' title="bbox 125 5412 1787 5566">
     <span class='ocr_line' id='line_1_87' title="bbox 162 5412 1787 5538; baseline 0.004 -67"><span class='ocrx_word' id='word_1_972' title='bbox 162 5414 235 5494; x_wconf 81' lang='lat' dir='ltr'><strong>bilis,</strong></span> <span class='ocrx_word' id='word_1_973' title='bbox 249 5412 347 5538; x_wconf 48' lang='lat' dir='ltr'><strong>aliique</strong></span> <span class='ocrx_word' id='word_1_974' title='bbox 361 5412 410 5469; x_wconf 88' lang='lat' dir='ltr'><strong>viri</strong></span> <span class='ocrx_word' id='word_1_975' title='bbox 422 5417 525 5483; x_wconf 88' lang='lat' dir='ltr'><strong>sancti,</strong></span> <span class='ocrx_word' id='word_1_976' title='bbox 540 5416 686 5488; x_wconf 76' lang='lat' dir='ltr'><strong>presbyteri</strong></span> <span class='ocrx_word' id='word_1_977' title='bbox 705 5420 871 5480; x_wconf 89' lang='lat' dir='ltr'><strong>solummodo</strong></span> <span class='ocrx_word' id='word_1_978' title='bbox 886 5441 946 5497; x_wconf 88' lang='lat' dir='ltr'><strong>pas-</strong></span> <span class='ocrx_word' id='word_1_979' title='bbox 997 5430 1080 5498; x_wconf 82' lang='lat' dir='ltr'><strong>potius</strong></span> <span class='ocrx_word' id='word_1_980' title='bbox 1094 5427 1211 5496; x_wconf 70' lang='lat' dir='ltr'><strong>feremur</strong></span> <span class='ocrx_word' id='word_1_981' title='bbox 1227 5437 1303 5493; x_wconf 77' lang='lat' dir='ltr'><strong>quom</strong></span> <span class='ocrx_word' id='word_1_982' title='bbox 1322 5421 1407 5492; x_wconf 79' lang='lat' dir='ltr'><strong>lipari.</strong></span> <span class='ocrx_word' id='word_1_983' title='bbox 1427 5421 1483 5476; x_wconf 75' lang='lat' dir='ltr'><strong>Ado</strong></span> <span class='ocrx_word' id='word_1_984' title='bbox 1498 5422 1591 5489; x_wconf 89' lang='lat' dir='ltr'><strong>ltabet,</strong></span> <span class='ocrx_word' id='word_1_985' title='bbox 1607 5424 1723 5477; x_wconf 78' lang='lat' dir='ltr'><strong>titanibus</strong></span> <span class='ocrx_word' id='word_1_986' title='bbox 1740 5439 1787 5478; x_wconf 82' lang='lat' dir='ltr'><strong>ea·</strong></span> 
     </span>
     <span class='ocr_line' id='line_1_88' title="bbox 125 5487 1537 5566; baseline 0.004 -24"><span class='ocrx_word' id='word_1_987' title='bbox 125 5511 128 5515; x_wconf 92' lang='lat'><em>·</em></span> <span class='ocrx_word' id='word_1_988' title='bbox 162 5500 213 5542; x_wconf 89' lang='lat' dir='ltr'><strong>stm</strong></span> <span class='ocrx_word' id='word_1_989' title='bbox 226 5487 410 5555; x_wconf 85' lang='lat' dir='ltr'><strong>appetantur,</strong></span> <span class='ocrx_word' id='word_1_990' title='bbox 438 5499 505 5554; x_wconf 82' lang='lat' dir='ltr'><strong>quos</strong></span> <span class='ocrx_word' id='word_1_991' title='bbox 528 5497 617 5540; x_wconf 79' lang='lat' dir='ltr'><strong>tanuen</strong></span> <span class='ocrx_word' id='word_1_992' title='bbox 631 5503 693 5544; x_wconf 88' lang='lat' dir='ltr'><strong>vere</strong></span> <span class='ocrx_word' id='word_1_993' title='bbox 706 5493 852 5549; x_wconf 83' lang='lat' dir='ltr'><strong>munacius</strong></span> <span class='ocrx_word' id='word_1_994' title='bbox 866 5497 947 5553; x_wconf 86' lang='lat' dir='ltr'><strong>luisse</strong></span> <span class='ocrx_word' id='word_1_995' title='bbox 998 5499 1083 5566; x_wconf 77' lang='lat' dir='ltr'><strong>unsis,</strong></span> <span class='ocrx_word' id='word_1_996' title='bbox 1100 5509 1124 5551; x_wconf 88' lang='lat' dir='ltr'><strong>et</strong></span> <span class='ocrx_word' id='word_1_997' title='bbox 1139 5491 1368 5564; x_wconf 84' lang='lat' dir='ltr'><strong>pedibaaeleootis,</strong></span> <span class='ocrx_word' id='word_1_998' title='bbox 1383 5490 1469 5562; x_wconf 79' lang='lat' dir='ltr'><strong>lipnia,</strong></span> <span class='ocrx_word' id='word_1_999' title='bbox 1485 5502 1537 5548; x_wconf 89' lang='lat' dir='ltr'><strong>etc.</strong></span> 
     </span>
    </p>

    <p class='ocr_par' dir='ltr' id='par_1_17' title="bbox 162 5553 1787 5698">
     <span class='ocr_line' id='line_1_89' title="bbox 162 5553 1787 5633; baseline 0.004 -21"><span class='ocrx_word' id='word_1_1000' title='bbox 162 5563 277 5612; x_wconf 81' lang='grc' dir='ltr'>ιοιιειει.</span> <span class='ocrx_word' id='word_1_1001' title='bbox 302 5554 377 5610; x_wconf 90' lang='lat' dir='ltr'><strong>liude</strong></span> <span class='ocrx_word' id='word_1_1002' title='bbox 390 5553 543 5611; x_wconf 85' lang='lat' dir='ltr'><strong>Gennadius</strong></span> <span class='ocrx_word' id='word_1_1003' title='bbox 561 5572 620 5627; x_wconf 77' lang='lat' dir='ltr'><strong>capr.</strong></span> <span class='ocrx_word' id='word_1_1004' title='bbox 639 5559 694 5626; x_wconf 85' lang='grc'><strong>119,</strong></span> <span class='ocrx_word' id='word_1_1005' title='bbox 717 5560 840 5632; x_wconf 78' lang='lat' dir='ltr'><strong>deperiat</strong></span> <span class='ocrx_word' id='word_1_1006' title='bbox 861 5568 946 5622; x_wconf 80' lang='lat' dir='ltr'><strong>auiae</strong></span> <span class='ocrx_word' id='word_1_1007' title='bbox 1034 5564 1124 5623; x_wconf 76' lang='lat' dir='ltr'><strong>hlino</strong></span> <span class='ocrx_word' id='word_1_1008' title='bbox 1147 5564 1223 5620; x_wconf 75' lang='lat' dir='ltr'><strong>llolb.</strong></span> <span class='ocrx_word' id='word_1_1009' title='bbox 1247 5576 1307 5617; x_wconf 89' lang='lat' dir='ltr'><strong>cum</strong></span> <span class='ocrx_word' id='word_1_1010' title='bbox 1328 5559 1455 5626; x_wconf 78' lang='lat' dir='ltr'><strong>diarum,</strong></span> <span class='ocrx_word' id='word_1_1011' title='bbox 1481 5562 1704 5633; x_wconf 76' lang='lat' dir='ltr'><strong>exstinguebantur</strong></span> <span class='ocrx_word' id='word_1_1012' title='bbox 1727 5566 1787 5631; x_wconf 80' lang='lat' dir='ltr'><strong>voqi</strong></span> 
     </span>
     <span class='ocr_line' id='line_1_90' title="bbox 164 5627 629 5698; baseline 0.006 -16"><span class='ocrx_word' id='word_1_1013' title='bbox 164 5627 312 5692; x_wconf 84' lang='lat' dir='ltr'><strong>mouoclvas,</strong></span> <span class='ocrx_word' id='word_1_1014' title='bbox 327 5634 413 5696; x_wconf 81' lang='lat' dir='ltr'><strong>posteo</strong></span> <span class='ocrx_word' id='word_1_1015' title='bbox 425 5629 562 5698; x_wconf 68' lang='lat' dir='ltr'><strong>presbyter,</strong></span> <span class='ocrx_word' id='word_1_1016' title='bbox 577 5639 629 5685; x_wconf 87' lang='lat' dir='ltr'><strong>etc.</strong></span> 
     </span>
    </p>
   </div>
   <div class='ocr_carea' id='block_1_10' title="bbox 164 5623 1786 5846">
    <p class='ocr_par' dir='ltr' id='par_1_18' title="bbox 164 5623 1786 5846">
     <span class='ocr_line' id='line_1_91' title="bbox 385 5623 1786 5710; baseline 0.001 -20"><span class='ocrx_word' id='word_1_1017' title='bbox 385 5695 391 5710; x_wconf 51' lang='grc'><strong>,</strong></span> <span class='ocrx_word' id='word_1_1018' title='bbox 997 5638 1071 5709; x_wconf 81' lang='lat' dir='ltr'><strong>globo</strong></span> <span class='ocrx_word' id='word_1_1019' title='bbox 1093 5640 1266 5708; x_wconf 64' lang='lat' dir='ltr'><strong>flammarum.</strong></span> <span class='ocrx_word' id='word_1_1020' title='bbox 1290 5630 1399 5687; x_wconf 85' lang='lat' dir='ltr'><strong>Loricit.</strong></span> <span class='ocrx_word' id='word_1_1021' title='bbox 1421 5643 1450 5687; x_wconf 90' lang='lat' dir='ltr'><strong>at</strong></span> <span class='ocrx_word' id='word_1_1022' title='bbox 1468 5630 1597 5698; x_wconf 78' lang='lat' dir='ltr'><strong>orthod,</strong></span> <span class='ocrx_word' id='word_1_1023' title='bbox 1623 5634 1690 5705; x_wconf 77' lang='lat' dir='ltr'><strong>ipnei</strong></span> <span class='ocrx_word' id='word_1_1024' title='bbox 1715 5623 1786 5702; x_wconf 75' lang='lat' dir='ltr'><strong>pio&#39;ti</strong></span> 
     </span>
     <span class='ocr_line' id='line_1_92' title="bbox 198 5697 1786 5779; baseline 0.006 -27"><span class='ocrx_word' id='word_1_1025' title='bbox 198 5697 212 5736; x_wconf 86' lang='grc'><strong>1</strong></span> <span class='ocrx_word' id='word_1_1026' title='bbox 232 5699 294 5753; x_wconf 78' lang='lat' dir='ltr'><strong>llaee</strong></span> <span class='ocrx_word' id='word_1_1027' title='bbox 307 5697 370 5753; x_wconf 91' lang='lat' dir='ltr'><strong>urba</strong></span> <span class='ocrx_word' id='word_1_1028' title='bbox 384 5711 411 5753; x_wconf 93' lang='lat' dir='ltr'><strong>m</strong></span> <span class='ocrx_word' id='word_1_1029' title='bbox 424 5698 560 5769; x_wconf 80' lang='lat' dir='ltr'><strong>Byzacena</strong></span> <span class='ocrx_word' id='word_1_1030' title='bbox 571 5700 622 5756; x_wconf 89' lang='lat' dir='ltr'><strong>sita</strong></span> <span class='ocrx_word' id='word_1_1031' title='bbox 633 5709 705 5768; x_wconf 89' lang='lat' dir='ltr'><strong>erat,</strong></span> <span class='ocrx_word' id='word_1_1032' title='bbox 717 5703 751 5759; x_wconf 92' lang='lat' dir='ltr'><strong>de</strong></span> <span class='ocrx_word' id='word_1_1033' title='bbox 764 5718 828 5774; x_wconf 81' lang='lat' dir='ltr'><strong>qua,</strong></span> <span class='ocrx_word' id='word_1_1034' title='bbox 841 5714 868 5763; x_wconf 91' lang='lat' dir='ltr'><strong>et</strong></span> <span class='ocrx_word' id='word_1_1035' title='bbox 883 5705 946 5762; x_wconf 86' lang='lat' dir='ltr'><strong>l’in·</strong></span> <span class='ocrx_word' id='word_1_1036' title='bbox 997 5711 1167 5779; x_wconf 78' lang='lat' dir='ltr'><strong>pumnrurum.</strong></span> <span class='ocrx_word' id='word_1_1037' title='bbox 1180 5701 1268 5759; x_wconf 83' lang='lat' dir='ltr'><strong>Cbild.</strong></span> <span class='ocrx_word' id='word_1_1038' title='bbox 1283 5700 1381 5768; x_wconf 89' lang='lat' dir='ltr'><strong>etalii,</strong></span> <span class='ocrx_word' id='word_1_1039' title='bbox 1394 5703 1617 5774; x_wconf 77' lang='lat' dir='ltr'><strong>eeatinpueiontur</strong></span> <span class='ocrx_word' id='word_1_1040' title='bbox 1628 5703 1697 5775; x_wconf 71' lang='lat' dir='ltr'><strong>globi</strong></span> <span class='ocrx_word' id='word_1_1041' title='bbox 1709 5708 1786 5776; x_wconf 75' lang='lat' dir='ltr'><strong>plutn·</strong></span> 
     </span>
     <span class='ocr_line' id='line_1_93' title="bbox 164 5767 1469 5846; baseline -0.001 -19"><span class='ocrx_word' id='word_1_1042' title='bbox 164 5768 264 5827; x_wconf 84' lang='lat' dir='ltr'><strong>demioli</strong></span> <span class='ocrx_word' id='word_1_1043' title='bbox 279 5767 431 5826; x_wconf 83' lang='lat' dir='ltr'><strong>beatissimo</strong></span> <span class='ocrx_word' id='word_1_1044' title='bbox 445 5769 584 5838; x_wconf 86' lang='lat' dir='ltr'><strong>pontillce,</strong></span> <span class='ocrx_word' id='word_1_1045' title='bbox 600 5772 675 5841; x_wconf 87' lang='lat' dir='ltr'><strong>plura</strong></span> <span class='ocrx_word' id='word_1_1046' title='bbox 690 5771 773 5830; x_wconf 88' lang='lat' dir='ltr'><strong>babes</strong></span> <span class='ocrx_word' id='word_1_1047' title='bbox 787 5775 813 5830; x_wconf 91' lang='lat' dir='ltr'><strong>ia</strong></span> <span class='ocrx_word' id='word_1_1048' title='bbox 828 5777 898 5833; x_wconf 88' lang='lat' dir='ltr'><strong>uotis</strong></span> <span class='ocrx_word' id='word_1_1049' title='bbox 911 5777 945 5834; x_wconf 90' lang='lat' dir='ltr'><strong>ad</strong></span> <span class='ocrx_word' id='word_1_1050' title='bbox 998 5794 1097 5834; x_wconf 85' lang='lat' dir='ltr'><strong>marum</strong></span> <span class='ocrx_word' id='word_1_1051' title='bbox 1111 5792 1122 5834; x_wconf 85' lang='lat'><strong>.·</strong></span> <span class='ocrx_word' id='word_1_1052' title='bbox 1134 5774 1206 5846; x_wconf 81' lang='lat' dir='ltr'><strong>cuod</strong></span> <span class='ocrx_word' id='word_1_1053' title='bbox 1224 5771 1295 5830; x_wconf 85' lang='lat' dir='ltr'><strong>idem</strong></span> <span class='ocrx_word' id='word_1_1054' title='bbox 1309 5769 1387 5828; x_wconf 81' lang='lat' dir='ltr'><strong>baba</strong></span> <span class='ocrx_word' id='word_1_1055' title='bbox 1401 5773 1469 5830; x_wconf 77' lang='lat' dir='ltr'><strong>Ado.</strong></span> 
     </span>
    </p>
   </div>
   <div class='ocr_carea' id='block_1_11' title="bbox 0 0 1910 6245">
    <p class='ocr_par' dir='ltr' id='par_1_19' title="bbox 0 0 1910 6245">
     <span class='ocr_line' id='line_1_94' title="bbox 0 0 1910 6245; baseline 0 0"><span class='ocrx_word' id='word_1_1056' title='bbox 0 0 1910 6245; x_wconf 95' lang='lat' dir='ltr'><strong> </strong></span> 
     </span>
    </p>
   </div>
  </div>
 </body>
</html>
