3810 6254
659 278 898 340 setsuottnutt
917 282 982 337 ΗΒ.
1004 281 1024 334 V
1601 294 1654 352 stu

109 389 138 446 ln
152 388 194 446 liis
204 397 293 448 aritern
308 404 373 463 quas
387 391 538 461 suprafatus
552 405 673 448 summus
687 394 813 449 sacerdos
826 397 853 454 Α
864 393 988 464 gerulum
1012 392 1212 461 codicellorum,
1235 409 1349 466 quorum
1368 397 1396 455 in
1417 401 1553 471 adventu,
1576 402 1653 461 nam

109 481 183 539 ntulit
206 482 307 553 pariter
326 493 354 539 et
381 483 509 548 contulit,
529 482 679 553 ieiunatur,
703 493 809 548 oratur,
863 486 945 541 etiam
957 494 1001 542 tuo
1015 485 1135 557 Ecdicio,
1150 488 1225 558 cujus
1235 504 1310 562 acque
1321 492 1404 549 titulis
1417 508 1449 550 ac
1461 497 1528 552 meis
1539 496 1651 566 gaudes,

109 582 156 640 tm,
170 572 260 630 detur.
273 574 315 632 sd
329 573 385 630 bac
396 583 422 630 te
432 576 498 631 testa
512 573 646 630 cervicum
659 574 810 630 humiliata·
863 577 950 632 bonor
967 578 1095 647 patricius
1108 579 1228 645 accedit;
1249 581 1406 652 celerrime,
1429 584 1454 640 si
1471 585 1573 656 cogites
1593 586 1652 657 eins

124 672 154 721 et
170 663 332 721 sternacium
355 665 451 720 citium
472 665 616 736 suspiriosa
637 665 810 722 contubernia
861 673 984 732 aetatem;
1001 666 1143 734 almerita,
1163 669 1325 728 tardissime.
1341 672 1460 745 Namque
1473 673 1518 731 ille
1527 675 1583 746 jam
1597 678 1652 747 pri·

119 765 149 815 et
164 758 188 814 si
205 756 354 827 spiritalem
378 756 496 812 animum
517 766 590 813 tuum
610 757 679 814 bene
702 758 807 825 metior,
860 753 922 810 dem
946 755 1101 827 suffragium
1130 758 1266 828 dignitatis
1293 760 1418 817 ineunda
1442 779 1496 820 nan
1519 765 1651 824 solvitis

124 847 205 905 citius
225 848 327 915 uenies,
344 847 416 919 quod
430 862 481 904 non
494 848 528 905 ad
541 848 644 918 epulas,
661 848 709 905 sed
721 849 755 905 ad
769 849 808 903 la·
861 844 947 912 lance,
961 847 1008 901 scd
1023 846 1051 900 in
1062 848 1119 903 acie
1134 866 1141 900 z
1154 851 1332 920 aerariumque
1343 852 1478 921 pubiicum
1492 855 1550 926 ipse
1561 859 1651 926 prisa-

109 943 274 999 maricaris,
291 943 367 999 vata,
860 942 902 990 tus
927 952 980 1018 non
999 939 1139 1006 pecuniis,
1164 939 1211 994 scd
1231 940 1364 996 manubiis
1388 941 1571 1014 locupletarit.
1594 946 1650 1002 lloc

292 1032 461 1090 EpisTOLii
480 1033 537 1090 xv,
859 1031 949 1080 tamen
974 1037 1067 1111 sancte
1080 1027 1165 1083 Julius
1178 1028 1282 1099 Nepos,
1303 1033 1385 1086 arniis
1408 1033 1507 1103 pariter
1528 1050 1648 1093 summus

196 1124 322 1182 senonim
333 1123 496 1180 nascimini
510 1125 629 1184 salutem.
858 1117 994 1186 Augustos
1019 1133 1051 1174 ac
1077 1119 1219 1185 moribus,
1239 1120 1315 1190 ¹quod
1338 1121 1486 1179 decessoris
1511 1125 1647 1183 Anthemii

109 1217 144 1275 sil
156 1231 280 1276 ιιιιιιοιιι
294 1219 420 1288 praelato,
434 1218 606 1289 bibliopolam
621 1230 738 1277 rismum
754 1236 806 1278 no„
857 1203 952 1272 llilein,
965 1208 1054 1263 irati-is
1068 1198 1109 1263 tui*
1118 1209 1261 1265 sudoribus
1276 1211 1434 1282 obligatam,
1456 1229 1509 1283 quo
1527 1216 1646 1284 citerior,

109 1323 146 1373 η,
159 1307 208 1365 ,eq
218 1308 378 1378 judiciarii&
390 1322 516 1378 emerius
535 1310 640 1366 insinuo
665 1313 764 1383 :nujus
778 1322 806 1369 „q
856 1297 908 1352 boc
926 1296 1085 1354 laudabilior
1107 1301 1240 1367 absolvit3
1263 1302 1394 1372 siquidem
1418 1303 1468 1360 istc
1491 1307 1646 1377 compleuit,

113 1400 142 1457 11.
154 1410 279 1470 mermi,
294 1401 333 1454 mc
346 1398 372 1454 m
386 1414 467 1470 opem
485 1402 659 1470 carminarem,
675 1405 746 1458 eima
758 1404 807 1460 qo.
856 1392 927 1462 quod
938 1381 985 1448 ille
995 1393 1142 1463 saepissime
1155 1395 1339 1464 pollicebatur.
1355 1396 1412 1462 Quo
1426 1397 1465 1464 dt,
1478 1405 1508 1452 ut
1518 1397 1644 1471 deinceps

109 1503 123 1544 a
149 1498 176 1546 ta
194 1488 260 1565 milii
280 1487 385 1558 sibique
413 1505 582 1546 conimbriam
608 1493 674 1547 raris
701 1493 805 1550 abunda
855 1500 903 1556 pro
916 1486 1056 1554 republica
1074 1488 1190 1556 optimus
1213 1488 1325 1558 quisque
1348 1489 1432 1558 possit
1448 1502 1480 1544 ac
1504 1490 1609 1559 debeat,
1623 1491 1646 1548 sl

109 1578 144 1645 ri.
165 1587 180 1617 ⁸
193 1579 302 1634 Librum
322 1579 402 1649 igitur
420 1580 476 1650 iam
499 1581 557 1650 ipsc
573 1582 694 1652 deportat
705 1584 803 1655 llcpra.
855 1579 917 1648 quid
932 1578 1048 1648 cuipiam
1071 1579 1167 1634 viriam
1193 1588 1244 1647 est,
1261 1581 1322 1651 quia
1342 1594 1463 1648 securus,
1479 1580 1542 1636 liinc
1554 1581 1646 1637 aridus

113 1708 125 1739 ‚
141 1669 270 1741 seriptum
291 1669 432 1726 velocitate
442 1686 562 1737 summa,
584 1687 688 1729 summo
703 1675 802 1742 nitore;
855 1670 1009 1740 impendere
1028 1671 1154 1742 :quando
1169 1657 1276 1741 quidem
1292 1684 1397 1728 mortuo
1411 1688 1516 1743 qnoque
1531 1674 1646 1745 impara-

109 1771 207 1817 mmet
218 1760 323 1831 ajncbis
337 1761 466 1820 relectum
479 1772 507 1817 et
519 1772 699 1818 retractatum.
716 1765 805 1822 ueteri
819 1748 842 1809 Β
857 1772 928 1833 tore,
954 1763 1122 1820 laborantum
1154 1765 1286 1820 deuotioni
1320 1765 1448 1835 quidquid
1473 1764 1646 1836 spoponderit

109 1864 181 1909 men
192 1849 393 1922 prophetarum,
404 1851 466 1907 lieet
477 1867 519 1908 me
530 1853 640 1911 absente
650 1856 803 1925 decursum,
858 1856 991 1925 principi,
1006 1869 1113 1924 semper
1126 1853 1250 1909 redhibet
1269 1853 1345 1926 147
1358 1856 1529 1925 principatus.
1542 1856 1644 1912 interea

109 1957 247 2001 ntencura
269 1959 403 2014 manuque
424 1945 458 2000 dc
474 1948 644 2016 superuacuis
664 1951 804 2006 sententiis
855 1955 898 2014 tu,
920 1948 942 2001 si
958 1945 1081 2002 affectum
1098 1944 1250 2000 tuumbcne
1264 1947 1370 2018 colligo,
1394 1947 1467 2003 bisce
1489 1947 1643 2014 cornpcrtis,

109 2043 203 2103 :tunm
227 2050 278 2093 nec
290 2034 421 2107 semperb
447 2036 494 2092 illo
515 2045 608 2093 cantra
628 2039 742 2109 legente,
758 2043 802 2108 qui
854 2054 977 2108 magnum
999 2039 1123 2093 solatium
1144 2039 1213 2094 inter
1228 2037 1338 2094 aduersa
1352 2043 1471 2095 marima
1486 2041 1558 2110 rapis
1574 2057 1580 2093 ε
1595 2053 1644 2096 nec

109 2135 293 2197 tantoperam
309 2142 384 2182 suam
398 2143 406 2184 :
420 2127 501 2182 credo
511 2130 571 2198 quia
587 2130 725 2200 infirmitas
748 2131 804 2187 irre·
853 2130 970 2184 animum
994 2140 1066 2186 tuum
1087 2131 1220 2185 atramite
1236 2131 1417 2190 continuanium
1432 2131 1588 2201 gaudiorum
1601 2133 1643 2186 vi-

109 2216 294 2290 ipsdimento,
323 2219 466 2289 quominus
502 2219 617 2288 pollicita
646 2223 801 2292 compleret.
853 2221 920 2275 cinae
944 2236 1050 2292 quoque
1065 2220 1213 2275 obsidionis
1235 2229 1323 2275 terror
1336 2223 1477 2277 exorbitat.
1491 2221 1556 2275 Nori
1570 2222 1641 2277 enini

128 2311 321 2369 rtesborurto
334 2320 439 2378 restra,
462 2311 518 2366 stre
537 2315 656 2382 sponsio,
677 2314 802 2371 lenimina
853 2311 946 2380 proba,
960 2290 994 2366 n⁰e
1010 2324 1069 2366 neo
1084 2309 1193 2378 quidem
1206 2317 1241 2374 re,
1262 2325 1341 2380 quem
1357 2326 1391 2365 ex
1406 2311 1465 2381 uqa
1485 2310 1640 2380 participas,

122 2403 275 2461 studentem
292 2402 371 2475 146
384 2405 499 2473 placere,
513 2406 554 2459 rel
570 2406 703 2472 meritum,
718 2409 801 2479 gratia
852 2402 891 2458 sic
906 2402 1008 2458 bonore
1030 2402 1146 2457 lutatam
1164 2418 1170 2456 :
1185 2393 1246 2473 quiri
1260 2403 1322 2459 licet
1337 2402 1374 2458 sis
1387 2417 1452 2458 uror
1470 2402 1548 2469 bona,
1565 2417 1642 2458 soror

109 2490 178 2553 tenti
190 2500 378 2551 remuneretur
392 2509 399 2547 z
412 2509 470 2564 quae
485 2492 574 2564 utique
588 2509 636 2564 pro
652 2496 698 2550 tali
712 2497 802 2555 labora
852 2508 958 2564 quoque
978 2493 1077 2562 optima
1090 2508 1129 2547 es.
1145 2494 1201 2560 Qua
1217 2493 1250 2547 de
1262 2507 1300 2560 rc,
1321 2493 1437 2563 propitio
1452 2494 1508 2549 Deo
1523 2494 1640 2562 Cbristo,

108 2585 292 2658 itur„iucipiet
306 2593 421 2640 uestram
433 2586 736 2655 respiceremcrccdem.
749 2591 801 2647 Sed
853 2586 1189 2654 ariipliatosprosapiactuae
1202 2584 1292 2640 titulos
1306 2599 1355 2656 ego
1370 2584 1641 2654 lustinusgratatoiiis

109 2691 198 2750 scego
212 2675 312 2734 desola
324 2676 408 2748 gratia
422 2692 525 2748 precer,
539 2679 657 2750 uosqaid
669 2690 801 2737 mereatur
851 2677 971 2747 apicibus
986 2676 1125 2745 inscripsi,
1152 2677 1254 2746 pariter
1272 2675 1413 2732 absolvens
1434 2675 1640 2734 sollicitudinem

109 2781 139 2836 e,
149 2783 229 2840 quem
238 2775 347 2824 constat
357 2768 481 2824 allectum
496 2768 597 2825 domiui
610 2769 694 2841 magis
701 2772 801 2828 ambire
851 2778 941 2835 tuam,
957 2769 1046 2824 iratus
1069 2769 1198 2841 pudorem
1215 2787 1221 2822 =
1238 2786 1316 2839 ultum
1331 2770 1368 2825 nil
1383 2754 1540 2842 de'utuuriu
1551 2771 1640 2841 diuul-

109 2859 257 2931 menium.
273 2859 347 2916 Vale.
852 2870 905 2918 tate
919 2862 1107 2926 indicaturum,
1128 2863 1151 2916 si
1166 2865 1346 2917 uerecundum
1362 2862 1429 2917 lorte
1443 2864 1572 2930 nescires,
1590 2877 1640 2918 ucc

281 2950 447 3008 Epistula
464 2950 535 3008 litt.
850 2953 889 3007 sic
902 2952 1013 3022 impium
1025 2951 1170 3020 judicares.
1184 2951 1241 3023 Ego
1256 2968 1321 3008 vero
1343 2968 1395 3008 non
1412 2962 1513 3008 tanturn
1527 2953 1639 3023 insigni-

145 3040 294 3101 Sidoniuse
309 3040 464 3114 Papianilla
475 3059 528 3097 aare
540 3043 657 3099 salutem.
850 3045 900 3101 bus
915 3044 1027 3110 restris,
1049 3059 1108 3115 quae
1123 3054 1150 3099 tu
1174 3045 1301 3103 hactenus
1313 3058 1414 3118 quanto
1428 3047 1549 3115 liberius,
1566 3056 1640 3104 tanto

109 3147 178 3210 euna
195 3134 305 3191 veniens
320 3132 463 3204 dquaestor
480 3133 653 3202 Licinianus,
674 3151 733 3192 cum
745 3137 799 3209 pri·
813 3104 837 3168 c
851 3133 1034 3206 impatientius
1058 3135 1249 3205 praestolabare
1272 3137 1447 3208 (quanquam
1476 3138 1509 3194 iis
1532 3153 1639 3210 quoque

109 3224 205 3307 letigit,
224 3227 289 3296 Alpe
302 3226 469 3293 transmissa,
481 3225 573 3281 Galliae
586 3226 684 3315 solum,
698 3228 800 3310 litteras
852 3225 996 3302 granditer)
1018 3236 1146 3298 quantum
1169 3230 1315 3284 concordia
1332 3229 1407 3287 lruor
1422 3248 1430 3286 :
1447 3244 1528 3316 quam
1547 3246 1639 3302 parem

109 3323 148 3374 tus
164 3317 206 3374 sui
227 3317 340 3389 praevias
354 3318 446 3384 misit,
470 3317 568 3388 quibus
583 3317 683 3376 indicat
698 3334 801 3378 essese
854 3319 966 3388 nostris,
977 3319 1086 3388 suisque
1097 3318 1190 3374 liberis
1203 3319 1230 3373 in
1245 3326 1382 3390 posterum
1396 3331 1513 3393 exoptoi
1528 3320 1597 3378 rutis
1611 3320 1642 3377 m

118 3458 134 3490 ⁸
146 3450 182 3508 llt
193 3448 409 3534 Pentateuebum·
423 3461 528 3506 veteres
540 3437 708 3535 appellarunt
721 3455 800 3523 quin·
854 3454 907 3510 vult
919 3468 1035 3508 caerem
1055 3453 1151 3508 arcuit.
1167 3453 1223 3521 Qua
1245 3453 1279 3509 de
1293 3470 1322 3510 re
1337 3464 1365 3508 ut
1380 3468 1496 3509 canones
1517 3454 1639 3509 omittam

109 3521 266 3587 irmllosis,
279 3532 315 3576 ita
326 3531 353 3576 et
365 3520 536 3577 Tnteucbum
552 3530 606 3577 tres
618 3541 662 3591 qm
676 3525 799 3592 proxime
850 3526 895 3595 qut
910 3523 1008 3594 passini
1029 3534 1188 3592 occurrunt,
1204 3526 1331 3595 praeclara
1350 3534 1438 3581 exstat
1452 3523 1518 3593 Lupi
1533 3524 1640 3580 Tricas·

109 3600 172 3660 ttur,
183 3590 275 3658 iosus,
285 3591 392 3649 ludices
405 3602 433 3647 et
443 3591 524 3646 Rutb.
539 3591 583 3647 Sic
597 3593 668 3647 enim
683 3595 801 3649 titiana·
853 3595 906 3650 sini
920 3606 947 3650 et
959 3593 1105 3663 Euphronii
1120 3595 1367 3664 augustodunensis
1379 3596 1567 3664 episcoporum
1582 3595 1638 3664 cpi-

109 3658 121 3716 l
139 3660 320 3717 llarceliiuum
337 3680 343 3714 :
359 3670 486 3732 utrosque
500 3675 565 3716 vero
585 3662 663 3716 simul
680 3661 798 3736 inuictus,
856 3665 998 3733 stolaque
1017 3677 1118 3719 morem
1132 3662 1203 3719 bunc
1226 3673 1339 3721 testatur
1355 3683 1362 3718 i
1378 3665 1426 3720 sed
1448 3665 1510 3719 lauic
1527 3665 1638 3719 edendae

109 3729 218 3787 ucbnnu
239 3732 277 3786 lta
290 3730 465 3814 Cassiodorus
482 3745 542 3802 cap.
559 3733 573 3788 l
590 3731 744 3788 lliririarnm
760 3736 799 3790 in·
854 3735 980 3789 alluserit
988 3733 1071 3792 locus,
1080 3733 1136 3788 Deo
1146 3734 1324 3801 adiurante*.
1336 3733 1412 3790 Nunc
1422 3734 1486 3789 satis
1496 3734 1531 3788 sit
1545 3747 1638 3789 esem·

109 3814 191 3868 num,
207 3810 235 3858 et
248 3800 335 3858 draci
353 3817 448 3859 omnes
462 3817 574 3873 quonam
589 3808 688 3871 scripta
704 3805 798 3873 legun·
852 3805 925 3875 plum
940 3802 1041 3858 Paulini
1061 3801 1167 3870 Notaui,
1189 3805 1230 3858 cui
1250 3804 1358 3860 Teresia
1380 3805 1415 3859 de
1433 3803 1546 3873 conjuge
1569 3803 1638 3859 iacta

116 3877 164 3934 siri
178 3874 357 3945 Ὀκτάτιυχιι.
375 3872 443 3940 Quia
457 3883 546 3928 autern
568 3873 682 3936 liebraci,
697 3882 727 3928 ut
739 3874 800 3942 Epi·
851 3888 938 3938 soror,
953 3881 982 3926 ut
996 3872 1023 3926 in
1035 3871 1166 3927 Cbrnnico
1181 3873 1296 3942 loquitur
1307 3873 1405 3928 ldatius
1422 3872 1568 3928 :Germani
1582 3873 1639 3928 dn·

109 3954 130 3998 is
149 3949 177 3999 et
195 3943 370 4015 llierouymus
386 3944 543 4011 observant,
568 3942 707 3998 historiam
728 3942 798 3997 llutli
852 3941 1061 4009 tissiodorensis,
1078 3941 1178 4013 dequo
1193 3940 1546 4011 ineiuslitaconstantius
1562 3955 1638 4008 pres·

116 4012 146 4068 ln
169 4012 266 4068 librum
288 4026 349 4068 curn
368 4012 504 4069 iudicibus
525 4015 713 4084 compingunt,
738 4013 800 4069 inde
853 4013 950 4095 bqter:
969 4011 1538 4083 deorinsororemeacouiuqsmutctur:et
1551 4009 1623 4064 Leon

109 4105 111 4134 l
134 4090 177 4139 est
195 4092 224 4138 ut
238 4083 447 4151 Heptateuchum
469 4084 589 4153 plerique
612 4083 728 4139 dixerint
751 4099 800 4154 pro
853 4085 883 4137 tii
895 4082 1014 4150 episcopi
1037 4081 1251 4150 burdegalensis,
1266 4080 1300 4138 de
1313 4081 1388 4152 cujus
1407 4079 1543 4136 Placidina
1567 4078 1637 4134 idem

109 4150 178 4209 ucltu
192 4169 200 4207 ε
215 4161 245 4208 nt
262 4153 439 4225 llicronymus
452 4154 532 4226 epist.
549 4154 564 4207 l
582 4161 609 4209 et
620 4153 667 4220 28,
684 4163 710 4209 et
723 4153 801 4210 Sida·
852 4152 944 4207 scribit
972 4149 1133 4206 Fortunatus
1164 4171 1171 4205 :
1199 4152 1315 4225 denique
1340 4152 1429 4208 Urbici
1454 4153 1635 4205 Arvernorum

109 4222 225 4279 ucloeo.
852 4221 981 4292 episcopi,
1007 4236 1086 4289 quem
1110 4229 1201 4276 narrat
1229 4220 1373 4292 Gregorius
1392 4219 1445 4276 lib.
1470 4235 1489 4285 ι,
1513 4233 1573 4288 cap.
1589 4219 1637 4284 dl,

109 4300 161 4349 itus
172 4293 571 4420 ²·d⁰⁰q¹·³¹i,‘1'ss'⁰‘f,¹¹(q³·⁰⁰mi²·'gfi⁹⁰i
584 4292 715 4419 (lapelffi,
738 4307 797 4417 ιιιιιιι
853 4291 943 4374 miritis
959 4292 1083 4415 lactrymis
1097 4292 1206 4416 ⁰¹¹fi⁸⁸⁰r
1220 4295 1291 4416 ednod
1310 4289 1533 4416 Ιιιιιιιιιιιιιιίἔιιιιιι
1548 4290 1637 4413 culcis·

109 4374 384 4489 uauurm
397 4379 493 4505 iim
513 4373 800 4488 uminum
851 4360 1639 4514 :tristarieriaruman.sisausa?

109 4503 140 4559 do
153 4519 217 4558 oreo.
233 4504 283 4572 Qui
298 4505 380 4560 libros
393 4520 426 4560 ex
437 4503 579 4559 collatione
594 4504 731 4559 meliorum
751 4519 798 4558 co·
852 4511 908 4558 tum
932 4516 1091 4557 meminerat
1110 4499 1245 4567 Sidonius,
1261 4503 1286 4555 id
1310 4515 1357 4555 ani
1381 4516 1515 4572 ignorare,
1530 4507 1576 4554 aut
1591 4515 1640 4554 tin-

118 4574 257 4640 emendat,
273 4573 374 4629 socium
389 4574 497 4628 adbibet
513 4575 557 4644 qni
573 4575 650 4643 legat,
665 4573 728 4628 dum
741 4574 798 4640 ipae
813 4581 921 4696 ugone
942 4583 1115 4654 contemnere
1133 4573 1177 4639 qui
1198 4572 1299 4641 potuiti
1312 4572 1345 4626 m
1369 4579 1535 4653 tarnen'sunt
1547 4570 1592 4640 qui
1606 4585 1639 4625 ex

109 4656 134 4699 tr
150 4658 231 4698 unum
254 4644 371 4714 inspicit.
395 4645 421 4698 ls
446 4655 538 4699 contra
552 4645 639 4713 legere
650 4644 796 4699 dicebatur.
873 4642 1004 4710 apiamllue
1016 4652 1152 4697 mentione
1165 4643 1216 4697 boc
1238 4642 1297 4697 loco
1311 4642 1399 4696 lucum
1411 4642 1470 4697 sseri
1484 4655 1563 4710 posse
1577 4654 1640 4695 eon·

109 4713 228 4770 »codice
249 4715 375 4770 llacrobii
394 4714 537 4769 'lbeodosii
563 4714 719 4770 emendator
742 4713 799 4768 liare
851 4712 951 4776 lidant;
974 4719 1002 4766 et
1022 4711 1083 4782 quia
1102 4713 1148 4766 lib.
1168 4727 1203 4778 rr,
1227 4714 1305 4780 epist.
1329 4711 1379 4778 ts,
1402 4727 1462 4766 curri
1485 4711 1647 4779 apollinare.

111 4792 157 4839 rat
179 4800 186 4837 :
210 4784 327 4839 Aurelius
356 4783 492 4839 Memmius
509 4783 683 4868 'Symmachus
709 4782 742 4836 V.
755 4782 796 4863 d.
851 4781 906 4836 lilio
918 4781 1071 4864 Terentium
1083 4782 1308 4864 llcnandnrmqnc
1320 4782 1382 4851 legit
1395 4781 1520 4864 §liteinins
1532 4779 1635 4850 episco-

109 4852 795 4995 'iuiltulttlslstlttll'ttsltit·⁰·
850 4851 1568 5003 titillabitidististillulis.bau
1580 4851 1637 4988 iu

109 4992 149 5051 riti
167 4996 278 5065 Augusti
299 4995 377 5061 tiliae,
394 4993 497 5050 Sidonii
511 4994 585 5047 uxori
600 5002 661 5048 aute
675 4992 798 5048 sacerdo·
850 4993 1137 5074 episcoposusceptnm
1148 4992 1311 5047 contendant
1326 5010 1333 5048 :
1346 5005 1480 5073 quemlres·
1489 5003 1547 5060 ipsa
1560 4987 1639 5043 docet

112 5077 187 5121 nnnc
200 5064 297 5131 sorori,
319 5080 354 5120 ex
367 5078 499 5120 mannum
517 5063 674 5132 praescripto
697 5072 724 5118 et
738 5078 797 5131 pcr·
850 5062 978 5130 epistolas
1000 5075 1094 5116 omnes
1115 5061 1311 5117 Constantiana
1330 5063 1507 5126 collectionis,
1530 5059 1583 5114 boc
1597 5066 1638 5113 est

109 5134 301 5191 consuetudine
318 5134 413 5204 prisca
428 5133 555 5188 Ecclesia
571 5148 579 5186 ι
594 5133 621 5185 in
641 5147 693 5200 qua
707 5133 751 5200 qui
763 5145 795 5186 ex
851 5132 978 5187 librorum
1003 5145 1038 5185 ru
1055 5133 1191 5201 priorum,
1213 5149 1278 5201 quas
1298 5134 1438 5202 episcopus
1461 5129 1587 5197 dictauit,
1613 5129 1639 5184 in

109 5204 138 5259 io
155 5204 188 5259 ad
207 5203 384 5259 sacerdotium
405 5202 621 5265 asciscebantur,
637 5203 670 5255 ab
684 5216 796 5256 rixarum
850 5201 916 5324 ipsis
938 5215 1005 5271 peno
1030 5200 1198 5270 pontitlcatus
1212 5203 1337 5271 auspiciis
1360 5203 1486 5258 dictasse.
1501 5200 1554 5258 Sed
1576 5198 1640 5271 quid

109 5272 207 5345 parati,
221 5289 274 5329 nori
284 5275 360 5329 aliter
373 5273 497 5343 deinceps
507 5286 567 5327 cum
578 5272 632 5326 illis
645 5286 725 5341 quam
736 5285 797 5325 cum
863 5272 934 5326 acias
957 5271 1126 5336 bominibus,
1152 5273 1197 5342 qui
1221 5289 1282 5327 cum
1306 5274 1360 5328 reri
1375 5272 1440 5328 nibil
1464 5271 1571 5340 dicant,
1589 5269 1639 5328 sibi

109 5344 348 5401 iusrersabantur.
361 5344 536 5415 llieronymus
550 5343 627 5411 epist.
645 5340 657 5392 l
674 5341 706 5394 ad
721 5341 799 5395 Pam·
852 5349 940 5395 tamen
956 5341 1054 5395 clausis
1068 5343 1150 5396 oculis
1166 5345 1237 5421 credi
1252 5344 1364 5398 roluirti

109 5429 147 5469 tm
161 5412 311 5498 :Episcopi
334 5415 482 5484 presbyteri,
499 5413 609 5478 diaconi,
629 5419 674 5465 aut
688 5412 798 5494 oirqiuer
888 5409 904 5493 d·
916 5411 953 5493 lla
976 5411 1055 5492 buius
1074 5411 1160 5493 altero
1175 5428 1201 5467 in
1223 5413 1336 5469 Galliam
1350 5412 1469 5497 aduentu·
1488 5412 1545 5495 jam
1558 5421 1637 5489 supra

109 5486 397 5625 :stultitiast
410 5483 799 5620 itli.t.⁰³‘..‘“.⁶ttttittil
853 5491 960 5617 {itti
978 5480 1183 5622 iin¹¹¹n⁰llll
1207 5482 1637 5622 inlutis.duillius:

124 5620 215 5679 Perdit
236 5631 345 5697 qratiam
365 5623 504 5678 consecrati
517 5623 560 5692 qui
584 5623 670 5676 addire
684 5623 802 5694 officinm
854 5628 943 5695 gusto.

109 5717 302 5783 incombustam
320 5716 453 5777 edidimus
466 5731 548 5784 suma
561 5719 615 5776 col.
630 5717 677 5775 dd.
