3810 6254
135 348 193 452 ,itt
635 339 804 427 sirenum
823 368 868 425 no
887 342 1062 425 iteronan
1081 356 1263 424 ttrrnsatt.
1702 359 1754 429 tna

144 486 196 541 anis
208 501 282 555 snper
292 492 389 538 acetum
402 479 567 552 Palpetrtinm
576 489 705 552 gratanter
718 479 837 548 espancis
847 478 929 548 repei·
942 481 967 541 A
982 476 1085 532 lairidae
1095 484 1208 530 moriem
1226 475 1302 539 dicii,
1313 473 1519 544 minaturqttese
1529 473 1674 555 reginmar
1687 476 1770 531 anah

144 559 222 612 ierant
245 556 347 618 imbres,
366 562 390 606 et
411 567 503 605 notrum
516 550 671 605 tabernaculi
692 566 771 621 genas
789 549 929 618 artificiosa
980 547 1104 629 sanguine
1125 554 1227 600 exortae
1246 545 1346 600 caedem
1370 545 1453 600 armis
1468 542 1543 624 brem
1561 542 1769 623 rtrrdtcaturum,

144 628 248 679 caritate
259 621 503 693 componerent.llic
513 635 578 676 vcro
591 621 736 676 observare
744 621 819 689 juvat
829 627 928 689 quanta
981 617 1033 671 nisi
1049 616 1099 686 ipsi
1115 625 1272 684 cunctaque
1282 614 1430 671 Gothorum
1446 623 1519 683 genti
1533 612 1580 670 liat
1594 622 1671 671 saite.
1687 617 1769 671 llrna-

145 695 223 750 luerit
237 697 374 750 beatorum
387 694 570 748 contessorom
586 690 689 760 religio,
706 693 751 758 qui
766 690 870 759 elonga
886 704 931 759 pe·
980 687 1102 741 laisidam
1126 687 1153 739 in
1175 685 1288 740 viriculis
1316 685 1473 749 detentam,
1498 692 1525 739 ei
1549 683 1652 741 Gothos
1675 699 1770 742 ornnes

145 764 323 834 regrinatione
344 762 465 823 reduces,
482 769 511 814 ιιι
524 761 637 830 primurn
654 761 799 829 attigerunt
811 759 929 826 littus,e
980 758 1094 829 ma
1122 755 1249 810 Vandalis
1269 755 1423 810 interiectos
1445 755 1528 809 luisse
1549 755 1643 810 scribit
1665 755 1765 813 Proco-

145 833 257 889 naribos
276 833 378 901 egressi
401 831 490 887 statim
513 831 547 885 ad
571 830 711 885 ecclesiam
733 830 821 885 Sancti
844 830 928 954 hXilei
979 827 1123 909 piaslibro
1141 841 1151 905 .¹
1166 826 1287 908 ilistoriae
1309 825 1477 909 laridalicao,
1501 824 1639 908 incusatos
1652 839 1696 880 res
1719 841 1769 884 uo·

144 903 483 973 properartmt,gratiarom
491 900 610 955 actiones
620 899 738 967 publicas
746 900 801 954 lieo
810 899 855 954 red
876 900 928 954 itu·
981 911 1029 951 vas
1048 912 1074 951 m
1094 910 1164 965 regis
1183 910 1309 966 regnique
1327 909 1471 964 perniciem
1485 895 1584 949 moliri.
1609 893 1768 954 liontamea

143 975 180 1028 ri:
192 981 220 1028 et
229 973 374 1042 quidemut
385 973 463 1039 paulo
474 970 584 1025 inieritis
596 969 674 1024 habet
685 980 779 1024 auctor
790 969 856 1024 llitae
868 970 927 1024 lau·
979 966 1082 1023 Gothos
1095 967 1224 1022 adversus
1247 965 1410 1021 llildericom
1431 963 1577 1035 quidquam
1591 964 1650 1022 istis
1665 974 1768 1035 ternpo-

143 1042 236 1108 datus,
258 1045 301 1097 uia
320 1043 539 1113 appropinquante
560 1054 660 1109 uespere
683 1047 779 1093 smrctre
798 1039 928 1096 memoria
979 1037 1053 1092 ribus
1065 1044 1183 1092 tentasse
1199 1036 1327 1106 legimus,
1343 1035 1414 1104 quod
1427 1034 1496 1090 lorte
1510 1035 1590 1102 paulo
1603 1045 1663 1104 post
1676 1035 1767 1094 llilde·

143 1110 277 1183 Bonifatio
289 1114 405 1181 episeopo
416 1110 600 1179 repraesentati,
611 1109 791 1164 benedixerant
804 1124 891 1165 omrres
902 1118 927 1164 et
978 1107 1051 1162 ricus
1064 1122 1079 1160 e
1093 1105 1163 1161 solio
1179 1105 1341 1162 aGelimere
1353 1107 1454 1175 absque
1472 1118 1570 1174 magno
1580 1105 1689 1174 negotio
1703 1106 1768 1164 iuis-

143 1182 489 1236 laadaoernntcommuniter
500 1180 592 1237 licam.
978 1187 1020 1233 eet
1033 1177 1162 1247 dejectus.
1183 1176 1301 1244 Quorum
1323 1175 1426 1231 animos
1447 1183 1575 1246 tyrannus
1593 1175 1638 1230 ilie
1656 1190 1766 1246 regnum

177 1252 205 1307 ὅ.
217 1251 372 1321 Fulgentius
390 1259 451 1319 post
469 1249 570 1319 aliquot
582 1250 641 1304 dies
661 1249 765 1317 ltuspas
781 1248 926 1318 proiectus,
977 1247 1106 1302 affectans
1121 1245 1191 1301 lrautl
1204 1246 1314 1301 dubium
1330 1246 1492 1315 placauerat.
1508 1243 1705 1301 Theodericum
1717 1246 1766 1303 itas

142 1337 188 1391 per
199 1321 389 1375 mercatricem
403 1319 667 1390 proliaioiatqaadia
681 1321 780 1389 nrap'ora
888 1335 928 1375 re·
979 1317 1090 1386 injurias
1100 1315 1186 1371 ultum
1197 1331 1250 1370 nott
1259 1317 1340 1372 fuisse
1352 1325 1464 1370 testatur
1475 1316 1597 1370 laudatus
1608 1314 1765 1398 Procopius,

142 1391 253 1460 periens,
261 1391 289 1443 in
298 1405 429 1444 occursum
438 1405 512 1443 suarm
523 1390 624 1458 papalis
633 1390 746 1451 anemae
755 1398 795 1442 ten
815 1388 925 1456 marias,
977 1387 1048 1457 quod
1063 1401 1117 1442 uon
1129 1388 1194 1442 satis
1209 1387 1299 1442 valere
1312 1401 1342 1441 se
1355 1384 1441 1440 classe
1448 1386 1481 1439 ad
1494 1384 1635 1455 petendam
1647 1384 1765 1442 hirneam

142 1475 200 1513 eam
215 1461 324 1514 lucernis
337 1469 361 1513 et
374 1459 536 1528 lampadibus
549 1469 572 1512 et
584 1460 704 1512 arborem
713 1458 858 1529 protadibas,
868 1460 927 1513 reri-
976 1457 1117 1525 iudicaret.
1142 1454 1276 1512 Ceterum
1293 1455 1429 1511 liildcrico
1439 1455 1564 1510 serebant
1577 1454 1698 1510 lustinus
1712 1458 1765 1512 hu-

142 1530 258 1584 dentibus
271 1530 380 1599 qratiam
394 1529 517 1597 ineffabili
533 1529 634 1582 lieo...
648 1527 928 1595 peramnesucetaiaa
976 1539 1084 1652 gustus,
1100 1537 1143 1594 et,
1163 1527 1208 1598 qui
1231 1525 1312 1595 paulo
1332 1533 1392 1595 post
1412 1525 1554 1605 imperium
1578 1525 1691 1594 adeptus
1712 1537 1763 1592 est,

142 1608 261 1666 tanquam
284 1601 404 1669 proprias
424 1599 556 1667 episcopus
575 1599 771 1667 suscipiebatur.
791 1597 855 1654 Sedi
870 1614 926 1655 sure
993 1597 1151 1659 ustiniauus,
1163 1597 1233 1668 quod
1247 1612 1281 1652 ex
1297 1605 1381 1651 matre
1397 1595 1517 1649 Eudoxta
1531 1596 1637 1664 genitus
1651 1595 1765 1650 iiilderi·

142 1669 280 1725 restitutos
292 1670 372 1724 simul
392 1684 452 1723 cunt
468 1671 523 1722 suis
533 1672 671 1722 monacbis
682 1669 757 1735 risit,
781 1668 816 1722 ite
837 1679 925 1725 tamen
977 1668 1224 1735 cirsimperatorum
1235 1664 1602 1721 Romanortrmailinisesset.
1613 1665 1763 1734 Eiquideta

141 1749 171 1793 ιιι
193 1739 295 1810 absque
316 1738 420 1795 abbatis
433 1737 528 1793 Felicis
543 1737 706 1792 corrseicntia
726 1737 870 1806 quidquam
892 1739 926 1795 de
976 1737 1142 1793 iustinianus
1161 1741 1246 1793 lactus
1263 1737 1427 1805 imperatur,
1444 1749 1505 1790 cum
1519 1734 1637 1790 Gelinrer
1651 1735 1763 1791 llilderi·

141 1807 267 1864 rebusad
279 1811 469 1864 monasterium
485 1809 679 1875 pertinentibus
693 1824 746 1862 narn
758 1820 857 1878 ageret.
871 1808 926 1865 ilo·
977 1822 1038 1861 cum
1062 1822 1078 1862 a
1105 1805 1173 1861 solio
1195 1807 1357 1875 dejecisset,
1382 1806 1470 1861 ioedus
1492 1807 1562 1860 inter
1584 1803 1720 1860 Zenonem
1736 1814 1764 1860 et

141 1880 242 1935 nacboe
258 1880 356 1946 saepius
370 1879 403 1932 ad
417 1877 614 1932 ecclesiasticam
628 1879 745 1931 militiam
759 1880 903 1948 assumpsit
916 1895 923 1945 ;
940 1852 964 1912 B
978 1875 1151 1932 Genserieum
1171 1890 1260 1946 regem
1275 1876 1339 1931 olim
1358 1875 1452 1931 initum
1466 1874 1583 1942 abrupit,
1597 1885 1679 1944 atque
1690 1889 1763 1930 eom-

139 1947 208 2003 adeo
226 1949 316 2002 omnia
339 1959 499 2016 temporam,
519 1949 630 2002 utnnita
650 1947 683 2001 lis
703 1948 842 2018 aliqnando
859 1950 926 2004 inter
977 1956 1069 2017 parato
1082 1947 1182 2016 ingenti
1197 1947 1328 2011 exercitu,
1340 1960 1389 2015 per
1401 1945 1557 2001 Belisarium
1573 1944 1668 1999 ducem
1691 1946 1762 2001 ricto

139 2018 277 2072 monachas
300 2030 323 2072 et
337 2020 440 2072 clericos
460 2017 634 2071 ventilaretur.
652 2018 728 2072 Plura
751 2019 832 2072 habet
854 2020 923 2074 idem
976 2028 1105 2087 captoque
1118 2015 1261 2079 Gelimerc,
1276 2016 1321 2084 qoi
1337 2016 1416 2084 paulo
1430 2023 1488 2082 post
1502 2014 1759 2083 Constantinopolim

140 2086 208 2140 Vltro
219 2095 312 2143 auctor
325 2089 358 2142 de
369 2087 499 2156 l'uigentii
514 2088 539 2140 in
556 2086 633 2152 plebe
643 2086 758 2156 regenda
770 2086 923 2155 sedulitate,
975 2087 1009 2142 ad
1024 2087 1187 2154 triumphum
1198 2086 1342 2154 perductus
1352 2095 1408 2150 est,
1421 2085 1539 2140 siricam
1553 2094 1635 2139 totam
1649 2099 1761 2153 recope-

140 2157 273 2224 rariisqoe
286 2158 362 2212 libris
377 2171 425 2225 pro
439 2155 499 2210 lldei
510 2156 650 2211 catholicae
665 2156 821 2212 defensione
831 2158 921 2215 editis.
975 2158 1059 2219 rasit,
1084 2164 1112 2210 ιιι
1129 2156 1187 2211 luae
1208 2157 1300 2211 scribit
1310 2156 1466 2225 Procopius
1483 2156 1510 2210 in
1532 2155 1607 2210 libris
1630 2155 1664 2209 da
1688 2155 1762 2210 llello

138 2225 192 2281 Sed
206 2225 241 2282 de
256 2226 313 2281 istis
324 2229 407 2282 lucius
420 2225 553 2281 disserere
563 2225 596 2279 ad
608 2236 727 2281 nostrum
739 2242 792 2281 non
808 2231 924 2296 pertinet
977 2226 1131 2282 llandalico.
1148 2226 1267 2281 belisarii
1284 2225 1446 2295 triumphum
1466 2226 1572 2295 egregie
1587 2232 1762 2292 representat

123 2294 298 2351 institutum.
318 2299 353 2352 Δι
366 2297 491 2351 omittere
512 2311 565 2350 non
585 2297 646 2351 licet
663 2296 790 2351 eximium
812 2311 924 2354 summae
975 2297 1045 2351 idern
1065 2309 1172 2361 auctor,
1188 2309 1240 2365 qua
1262 2296 1534 2351 occasioneGelimer
1553 2295 1759 2349 illustratorum

137 2364 296 2420 humilitatis
309 2366 476 2436 exemptum,
487 2365 556 2433 quel
567 2367 600 2419 ab
611 2365 669 2435 ejus
684 2365 751 2421 iitae
761 2376 870 2422 auctore
881 2384 924 2423 re·
974 2366 1153 2421 bumanorum
1177 2366 1327 2434 tragilitatis
1344 2380 1373 2418 re
1386 2366 1465 2421 simul
1479 2374 1506 2420 ei
1520 2379 1585 2420 voce
1607 2363 1758 2432 exemplum

138 2434 223 2492 icrtur
247 2449 306 2504 cap.
327 2435 374 2492 29.
392 2435 458 2488 Cum
471 2433 543 2489 eninr
562 2448 611 2502 pro
631 2437 777 2505 reparanda
797 2437 923 2494 Ecclesia
973 2436 1058 2491 dedit.
1077 2435 1215 2491 hdducrus
1227 2434 1324 2505 quippe
1342 2434 1376 2489 ad
1389 2435 1490 2490 circum
1501 2448 1561 2490 eum
1574 2433 1665 2502 stirpis
1680 2434 1760 2504 regie

137 2503 276 2573 disciplina
292 2514 351 2572 post
364 2505 480 2558 reditum
495 2504 528 2559 ab
538 2505 633 2558 exsilio
645 2515 734 2573 patres
748 2505 877 2588 dyraceni
889 2508 923 2563 ad
974 2505 1140 2573 principibus
1160 2507 1317 2573 eaeterisque
1331 2506 1492 2573 primoribus
1508 2503 1697 2569 llandalorum,
1713 2504 1758 2575 qui

131 2574 280 2639 ‚concilium
292 2574 424 2629 iuncense
440 2574 635 2638 conuenissent,
657 2574 812 2643 Fuigentius
829 2576 922 2643 Quod·
974 2576 1106 2630 rratalibus
1117 2584 1163 2629 ant
1174 2577 1254 2630 etiam
1266 2574 1385 2643 cor-pmi-
1398 2575 1558 2644 proceritate
1567 2583 1668 2630 erants
1688 2585 1759 2628 cata·

137 2643 245 2699 roltdeo
259 2647 394 2726 episcopo,
409 2642 455 2713 qui
465 2657 494 2697 se
504 2657 537 2697 eo
547 2644 664 2712 priorem
675 2644 857 2711 existimabat,
868 2661 924 2701 om·
973 2644 1050 2709 biles,
1065 2646 1154 2699 statim
1169 2656 1249 2714 atque
1265 2645 1453 2713 imperatorem
1473 2645 1500 2699 in
1513 2644 1619 2700 sublimi
1681 2658 1758 2713 epo·

136 2713 211 2767 nium
225 2714 325 2784 justicio
345 2713 542 2781 praelatorem:
561 2713 631 2782 qood
648 2722 710 2768 turra
724 2713 830 2785 quidem
842 2718 923 2772 tacite
972 2716 1052 2768 situm
1067 2715 1142 2777 vidit,
1158 2729 1210 2781 quo
1224 2715 1281 2782 ipse
1295 2716 1413 2770 lenisset
1429 2715 1560 2770 malorum
1574 2712 1756 2779 considerans,

137 2783 198 2837 tulit
217 2784 312 2839 beatem
331 2783 452 2848 antistes,
467 2797 501 2837 ne
519 2785 705 2838 auctoritatem
719 2786 825 2840 concilii
838 2799 922 2840 excu-
973 2784 1111 2852 nequead
1131 2784 1279 2854 lacrymas,
1302 2799 1387 2854 neque
1408 2787 1441 2839 ad
1461 2786 1575 2839 lamenta
1598 2784 1756 2853 prolapsos,

136 2852 220 2907 sando
235 2856 356 2908 minuere
371 2853 518 2908 rideretur.
534 2853 586 2907 Sed
606 2853 684 2921 paulo
702 2863 763 2923 poet
778 2855 804 2908 in
819 2855 922 2925 synodo
973 2853 1021 2912 bas
1035 2853 1062 2908 in
1077 2868 1156 2909 voces
1175 2854 1262 2923 erupit
1275 2869 1308 2909 ex
1323 2856 1406 2908 sacris
1427 2855 1503 2910 libris
1516 2854 1691 2922 desumptas:
1708 2851 1758 2907 i'a·

136 2921 272 2978 Sulietana
291 2937 385 2992 preces
405 2921 540 2991 supplices
553 2937 643 2976 coram
663 2924 787 2979 omnibus
799 2923 923 2980 Patribus
970 2925 1038 2977 nites
1059 2924 1217 2989 bonitatam,
1237 2925 1348 2979 sanitas.
1367 2923 1500 2980 liecenset
1512 2924 1660 2993 Procopius
1674 2923 1757 2994 spolia

134 2990 213 3059 ludit,
238 3002 267 3047 ut
288 2993 341 3049 sibi
356 2993 455 3047 solenti
480 2991 682 3058 Quodvultdeus
702 2990 919 3065 anteponeretur,
973 2993 1130 3060 pretiosiora
1163 3008 1248 3049 uaeex
1261 2993 1387 3048 Vatrdalis
1403 3001 1539 3063 reportata
1553 2995 1580 3049 in
1594 2996 1757 3062 triumphum

135 3062 706 3203 iiiiii-ilii‘lti.iiiilsttii
722 3064 922 3201 iiiiii&
971 3008 1292 3204 iiiiiinittiii
1308 3063 1757 3202 ‘'bliiitiiiithtlit·

137 3174 203 3266 ran:
216 3218 292 3265 qnam
305 3205 360 3255 sinc
372 3204 477 3254 caritate
491 3202 625 3272 nrajorem.
644 3201 711 3257 (lum
731 3202 822 3270 itaque
834 3206 921 3260 ruinis
933 3204 957 3267 G
971 3219 1028 3273 quse
1044 3204 1138 3274 sepiam
1152 3212 1295 3258 matronam
1307 3173 1478 3272 emicuerunt,
1493 3219 1648 3275 gemmarum
1665 3212 1758 3269 preter

134 3268 265 3326 Ecclesia
278 3286 334 3326 sure
348 3269 502 3337 reparandis
513 3279 585 3324 totus
600 3270 743 3336 insisteret,
756 3272 827 3339 quod
838 3275 918 3328 etiam
970 3290 1001 3328 ea
1014 3272 1169 3328 incredibilis
1190 3273 1320 3338 splendor,
1332 3289 1364 3327 ea
1381 3288 1445 3328 caro
1463 3273 1554 3345 poetria
1578 3288 1683 3343 quaque
1705 3275 1757 3328 alia

134 3337 288 3396 bonifacius
307 3338 525 3405 carthaginensis
543 3341 685 3409 episeopus
707 3341 825 3410 generali
842 3344 921 3399 totius
970 3345 1050 3424 replet
1069 3358 1161 3396 sitense
1184 3353 1377 3398 ostentamenta.
1402 3343 1757 3424 Psmaeroargentieenteaa

134 3409 231 3465 hiricae
244 3409 359 3464 concilio
370 3418 532 3473 conuocato,
555 3408 625 3477 quod
640 3424 710 3464 anno
726 3408 779 3463 525
800 3411 920 3467 habitum
971 3415 1067 3482 airqaot
1082 3413 1163 3465 atillia
1177 3415 1273 3479 pando,
1287 3415 1411 3483 pretiique
1426 3415 1534 3482 ingentis
1546 3415 1613 3482 aira,
1629 3428 1686 3482 que
1701 3411 1756 3468 iia·

134 3487 185 3542 est,
201 3493 250 3548 per
261 3480 411 3534 universam
424 3477 540 3532 siricam
553 3479 611 3532 lieri
632 3481 802 3549 procurabat,
818 3483 851 3535 ad
865 3497 922 3537 ure·
971 3497 1047 3535 mano
1061 3481 1190 3550 qnondam
1204 3484 1300 3551 palatio
1319 3483 1418 3554 direpto
1442 3483 1589 3538 Gisericbns
1606 3482 1756 3540 absteneat.

133 3547 228 3605 liorem
249 3551 330 3603 uitam
350 3549 491 3617 anhelans,
513 3548 539 3601 in
565 3548 677 3602 insulam
701 3547 835 3605 Circinam
859 3566 920 3607 cum
972 3552 1004 3605 ln
1026 3551 1067 3604 iris
1079 3555 1108 3604 'et
1130 3550 1177 3604 ilia
1197 3567 1254 3619 qaae
1273 3555 1353 3622 captis
1374 3553 1438 3607 olim
1457 3552 1624 3624 ierosoipmia
1647 3552 1757 3608 Romam

134 3619 226 3688 paucis
238 3618 364 3674 iratribus
383 3618 493 3687 ntajoris
513 3618 684 3687 perfectionis
696 3619 783 3674 studio
798 3623 920 3685 secessit,
970 3621 1108 3692 pertulerat
1118 3619 1189 3675 Titan
1199 3622 1382 3691 Vespasianus.
1390 3623 1485 3680 Omnia
1494 3637 1599 3693 quoque
1609 3622 1757 3690 imperialia

133 3687 178 3743 ubi
193 3689 270 3757 paulo
286 3699 345 3755 post
366 3690 400 3741 ad
412 3697 552 3742 extremam
566 3703 646 3758 usqne
659 3688 749 3743 horam
761 3707 826 3745 sana
839 3701 921 3745 mente
970 3700 1127 3747 ornamenta
1149 3706 1208 3759 quae
1223 3690 1383 3749 Gensericus
1403 3695 1486 3749 Roma
1507 3701 1584 3760 capta
1597 3694 1623 3747 la
1638 3692 1756 3747 Africam

132 3758 920 3887 ttztttwtitleitils‘heliberitiilitl
970 3761 1757 3890 :atttritirr‘it‘silari'illitati

133 3843 563 3980 postquampsscetsssiaeltosperist
583 3845 724 3967 praeiessctus
744 3871 922 3971 laeminge·
969 3848 1086 3972 ruffine
1108 3871 1427 3968 arae'bliifiieilsariue
1444 3847 1755 3970 consuiarum'aiepns,

131 3983 202 4022 santo
222 3979 324 4036 quinto,
350 3977 436 4022 atatis
454 3982 518 4023 vero
540 3981 596 4023 suae
617 3972 787 4038 sexagesimo
804 3972 917 4040 quinto:
970 3987 1045 4028 more
1060 3981 1179 4027 veterum
1193 3972 1332 4028 consulum
1346 3972 1529 4042 triumphavit,
1542 3973 1755 4039 aceeptirorum

132 4036 231 4105 quibus
245 4038 336 4092 verbis
350 4053 449 4093 annum
462 4053 523 4093 cerm
534 4038 652 4107 vulgaris
666 4039 718 4094 553
732 4041 843 4096 indicari
854 4056 917 4110 pro·
970 4043 1089 4098 humeris
1105 4050 1235 4110 portatus,
1247 4044 1390 4113 curruiqoe
1404 4043 1553 4112 impositus,
1566 4052 1595 4096 ιιι
1606 4040 1756 4110 Procopius

130 4105 179 4161 bat
192 4107 325 4166 ilenrisus
339 4108 459 4163 Norisius
470 4109 540 4163 libro
556 4123 573 4161 ιι
586 4109 709 4163 Historiae
723 4110 919 4180 Pelag.,capite
969 4121 1071 4178 narrat,
1082 4112 1143 4165 inde
1152 4112 1259 4165 missilia
1273 4113 1305 4166 de
1319 4112 1494 4168 Vandaioram
1512 4112 1601 4184 spoliis
1615 4115 1715 4180 sparsit
1726 4112 1754 4167 itt

133 4175 239 4230 uitiato.
250 4174 419 4242 dulgentiam
430 4178 474 4231 tlie
487 4176 629 4231 llanuarii
642 4181 790 4234 recentiora
801 4180 881 4235 simul
892 4190 920 4236 ei
969 4183 1081 4249 vrtlgus3
1095 4196 1154 4234 oasa
1168 4183 1269 4237 scilicet
1280 4194 1411 4252 argestes,
1427 4199 1505 4237 nonas
1519 4197 1621 4247 aereas,
1636 4183 1755 4251 cariagse

132 4253 224 4298 vetera
240 4247 430 4314 nrartprologia
448 4256 669 4310 comrrreurorant,
684 4263 762 4316 quem
781 4251 877 4303 merito
891 4259 920 4304 ut
969 4253 1032 4320 regii
1043 4251 1118 4304 lases
1134 4252 1310 4318 instromenta,
1322 4268 1382 4322 quae
1398 4254 1472 4324 plebs
1485 4266 1547 4308 cum
1563 4252 1668 4322 magnis
1681 4252 1755 4322 pina·

133 4313 332 4368 sanctissimum
342 4313 491 4377 doctorem,
508 4314 739 4382 vigilantissimum
760 4319 917 4385 antistitem,
967 4321 1042 4374 sibus
1056 4320 1209 4386 recipiebat.

131 4380 389 4452 invictissimumque
398 4382 498 4438 Christi
507 4386 688 4439 confessorem
699 4385 919 4443 Ecclesiacatbo·
1003 4390 1031 4445 5.
1047 4388 1179 4443 ilaxlrnus
1201 4404 1266 4445 nero
1285 4390 1364 4460 bajus
1379 4391 1496 4448 rieloriae
1514 4391 1616 4447 leucius
1635 4388 1685 4445 ittit
1703 4404 1754 4461 pax

130 4448 348 4507 limienetaittt·
532 4521 538 4532 g
600 4521 607 4533 ,
968 4455 1096 4513 Ecclesia
1117 4456 1249 4514 atricanae
1269 4476 1277 4514 ε
1300 4463 1512 4531 persecutionem
1531 4461 1651 4542 quippe,
1693 4473 1753 4515 uara

160 4518 196 4600 .⁴·
219 4520 352 4602 Ceterum
372 4535 423 4592 pax
447 4519 482 4601 ab
507 4519 641 4602 lirldertco
663 4537 790 4604 concessa
812 4526 917 4583 nonnisi
969 4527 1089 4582 nonnulli
1103 4527 1154 4582 sub
1164 4528 1305 4586 Gelitneris
1314 4532 1453 4602 tyrannide
1467 4535 1636 4587 recruduisse
1647 4475 1751 4607 ιοἹιιιιι,

132 4588 239 4670 ⁸.¹'‘l¹.¹⁰d
253 4590 334 4645 veluit
347 4589 502 4672 praeludium
515 4590 564 4672 iuri
576 4604 687 4646 summae
701 4592 771 4648 tilius
787 4597 917 4665 iratrrquil·
930 4564 957 4625 D
969 4599 1075 4668 penitus
1090 4607 1151 4652 tunc
1173 4601 1300 4666 temporis
1314 4603 1471 4657 exstinetam
1490 4600 1571 4656 luisse
1589 4614 1670 4654 nemo
1684 4598 1751 4653 orit·

130 4656 214 4718 litatis
237 4674 316 4729 quam
340 4661 460 4716 Ecclesia
482 4660 607 4716 Airrcana
630 4673 691 4727 post
710 4677 809 4731 paucos
832 4680 918 4724 annos
969 4678 1049 4723 tetur.
1063 4667 1142 4723 Certe
1157 4666 1319 4725 Gelimercm
1337 4672 1476 4727 eatiroiicis
1493 4670 1589 4726 lavisse
1610 4667 1753 4724 aemonii

133 4736 275 4811 consecuta
288 4737 339 4784 cst.
360 4730 466 4786 Etenim
480 4730 600 4810 §elimes
613 4730 759 4788 Gelilaride
779 4734 916 4793 Genserici
969 4738 1148 4807 persuadebit,
1161 4753 1240 4807 quem
1250 4740 1355 4796 scilicet
1366 4743 1445 4796 etiarn
1459 4743 1485 4795 in
1498 4739 1652 4795 suasioisse
1661 4740 1740 4795 saeris

131 4797 188 4853 lilio
203 4809 292 4863 natus,
313 4800 356 4855 cni
376 4809 436 4870 post
455 4800 582 4856 lltlderiei
603 4811 716 4857 mortem
735 4803 916 4862 vandalorum
967 4809 1063 4863 simum
1078 4821 1172 4861 onmes
1184 4812 1368 4877 consentiunt,
1385 4823 1413 4866 ut
1426 4810 1533 4880 nequid
1547 4810 1634 4864 dicant
1649 4809 1684 4864 de
1698 4807 1753 4863 llil·

131 4867 758 4998 :ssg'rzussidssbekzirurzgggffigipvajttiegtsfspgtlzo
766 4875 915 5001 ΙΙΙιιΙιιςιιΙιΙιιῖ,
967 4877 1058 4959 deriso
1068 4878 1189 5003 ,ffiptibmo
1204 4878 1340 5003 prirhcfiipe,
1356 4895 1441 4961 'quem
1455 4879 1601 5004 crudelitplr
1617 4877 1753 5002 cumTaiiis

131 5006 213 5089 alerici
228 4953 349 5089 indolegm
373 5010 395 5063 is
410 4977 593 5076 sternpe'adeo
612 4959 730 5068 tiritiduse
740 4958 862 5096 ιιθιιιιῗηιιι
882 4965 917 5071 ire
967 4963 1094 5071 :insigniis
1105 4962 1135 5071 ino¹
1147 4957 1753 5089 ἕιῗιὲξιῖιιο,Ψιῗὸιιιιιῖιῗὲιιιιθιὸῗιιιιυιῖιιίιιιςιῗῖξιικιιιὲιὶ

130 5077 238 5159 trutdem
251 5078 331 5147 gladn
355 5088 491 5149 aspectum
512 5079 582 5134 ierre
601 5090 700 5149 posset.
722 5081 823 5138 Deinde
844 5083 915 5141 rdem
967 5088 1132 5142 consulatum
1146 5102 1153 5139 ε
1169 5091 1215 5156 qui
1233 5099 1327 5144 auctor
1347 5105 1401 5144 non
1416 5091 1500 5145 semel
1521 5089 1646 5145 observat
1660 5088 1753 5141 nacitor

131 5144 283 5226 llrldencus
298 5147 448 5228 Gothorum
460 5147 916 5228 animosaseaiienosieceratob
967 5157 1089 5210 nobilium
1107 5155 1202 5224 disice
1222 5158 1256 5212 ab
1276 5158 1408 5216 eodemr
1441 5159 1753 5227 cluissetoterempros,

130 5214 301 5270 Amalalndae
315 5217 476 5272 Theoderici
491 5219 916 5303 magnillirenecerp.itaeoira-
965 5240 1078 5294 qnorum
1103 5226 1172 5280 borsa
1197 5241 1245 5296 per
1269 5227 1308 5282 ias
1331 5239 1358 5284 et
1387 5176 1461 5285 offas
1482 5237 1575 5299 postea
1598 5224 1753 5298 diripiebat.

130 5285 262 5365 aimundo
275 5295 401 5354 nupserat
418 5303 425 5342 ε
443 5298 470 5341 at
485 5302 544 5369 cum
563 5299 621 5358 post
640 5303 728 5345 mann
742 5302 866 5358 mortem,
887 5304 917 5349 ιιι
967 5294 1096 5349 Eumdem
1111 5310 1175 5355 vero
1187 5298 1347 5356 arianorum
1358 5310 1438 5355 secte
1448 5297 1661 5354 addictissimum
1671 5295 1753 5353 lui-se

128 5364 221 5436 narrat
233 5354 321 5436 Victor
333 5356 529 5423 Tannoneasrs,
541 5362 575 5411 atl
586 5358 713 5414 barbaros
723 5360 837 5431 lugiens,
846 5377 915 5418 eota·
966 5380 998 5418 ex
1013 5364 1144 5433 Procopio
1161 5366 1324 5436 colligimus,
1343 5369 1388 5437 qui
1400 5369 1469 5424 libro
1484 5384 1503 5423 ιι
1516 5369 1550 5423 de
1562 5367 1636 5424 Bello
1646 5366 1755 5423 Vanda·

129 5438 212 5479 turmo
223 5426 509 5508 prael'roCapsoepropc
521 5443 640 5483 erearum
650 5432 794 5499 intercepta
808 5432 911 5499 luisset,
967 5434 1019 5487 lico
1032 5433 1115 5488 relert
1128 5433 1287 5492 Gelimerem
1302 5438 1429 5508 speciosis
1440 5438 1521 5510 200
1533 5438 1558 5493 in
1569 5435 1675 5493 Galatia
1686 5451 1755 5506 pree·

129 5491 207 5564 partio
221 5503 311 5577 posim
325 5496 442 5551 custodia
451 5498 572 5577 defanata
586 5507 644 5553 est:
658 5502 728 5568 quod
741 5517 812 5571 agre
822 5503 913 5560 lerens
965 5503 1161 5572 diis,quaecum
1170 5508 1327 5576 propinquis
1338 5508 1535 5574 inhabitaret,a
1546 5505 1754 5563 iustinianodo·

128 5563 306 5627 Athalarrcos,
323 5565 482 5623 Tlteodoricr
497 5584 530 5624 ex
542 5571 733 5624 amalasuntha
748 5573 803 5626 lilia
816 5587 910 5641 nepos,
966 5580 1057 5626 natam
1069 5573 1175 5641 quidem
1189 5574 1284 5642 luisse,
1292 5580 1444 5647 patriciatus
1455 5592 1519 5633 vero
1529 5576 1688 5647 dignitatem
1700 5592 1754 5634 ooo

128 5633 352 5706 quiiistrogotltis
368 5637 480 5718 initalia
491 5638 648 5706 imperabat,
659 5654 690 5693 ea
705 5641 739 5696 tle
753 5656 782 5696 re
795 5656 914 5714 conque·
964 5643 1754 5718 luisseadeptumqoodabririipiacitiadiscederentrlrtisset.

127 5706 503 5789 stueestapudilasstodorum
511 5707 557 5762 lib.
568 5723 594 5761 ιι
602 5707 753 5777 larianum,
763 5713 910 5780 epistolal,
1000 5712 1026 5765 ii.
1042 5710 1209 5782 ilcetrperata
1232 5717 1348 5786 itaqaea
1373 5717 1499 5773 hontonis
1516 5716 1567 5772 init
1579 5713 1755 5773 hirlcaiodi·

129 5786 187 5843 quae
194 5774 450 5836 mtmllitlancnn
458 5780 529 5847 data,
537 5776 580 5832 ubi
590 5778 723 5834 uiolentam
735 5782 818 5838 luisse
829 5783 911 5837 dma-
964 5781 1052 5837 ctione
1068 5797 1122 5851 ru,
1139 5780 1288 5842 iustiniano
1302 5787 1421 5856 hugum
1436 5802 1463 5840 rs
1478 5797 1506 5843 et
1526 5784 1640 5843 Paulino
1654 5800 1753 5843 coesus

765 5882 830 5949 ‘gr-‘2
843 5896 887 5925 ’,Ψ
926 5908 943 5929 ω,
