3810 6254
127 316 180 375 sar
629 311 658 369 s.
680 307 801 368 rausrt
822 305 1020 396 muctensts
1040 305 1232 367 sunuonns.
1422 288 1433 306 ’·
1456 291 1459 297 ’
1479 274 1520 373 '4'
1705 301 1759 362 sas

128 432 223 502 gratia,
236 428 369 501 superbiae
382 427 552 497 acquiescere
571 423 651 494 caepi,
668 422 789 494 regulam
805 420 915 486 violavi,
929 421 957 481 Α
969 419 1114 492 Evangelio
1136 421 1284 488 denuntiat,
1305 421 1419 479 dicens:
1437 418 1523 475 Filius
1542 417 1653 473 bominis
1670 428 1759 472 ocutu-

128 524 261 580 seuiorem
277 518 489 587 lusi,iuniorem
504 515 624 571 destruxi
641 532 647 567 ι
667 516 690 570 si
703 528 756 570 non
771 513 863 569 statim
876 525 920 566 me
971 529 1015 568 rus
1030 524 1068 567 est
1083 514 1110 567 ia
1126 513 1210 584 glorio
1229 528 1286 577 suo,
1298 528 1354 566 cuns
1366 511 1464 582 urgelit
1476 511 1540 579 tuis,
1556 519 1580 567 et
1598 520 1659 564 tunc
1670 509 1759 564 reddet

128 613 253 683 poertituit
265 611 382 680 graviter
394 622 437 663 me
451 607 533 663 luisse
547 615 713 676 preventum
723 645 731 671 ,
741 605 798 674 iam
820 603 854 658 de
876 602 920 656 die
972 605 1108 676 uuicuique
1120 605 1259 659 secundum
1275 618 1352 672 opera
1365 618 1413 657 cua
1429 600 1537 674 (blattis.
1556 616 1612 666 nrt,
1624 599 1681 672 li).
1695 599 1759 656 biti·

128 706 155 761 iu
172 705 243 759 diem
257 699 431 757 libentissime
446 714 490 754 me
501 699 588 768 rapiet
600 698 657 769 ipsa
668 696 793 753 uiolentia
808 707 921 750 consue·
971 707 1076 770 genter,
1092 710 1193 766 queso,
1216 695 1355 760 attendite,
1378 694 1475 750 iratres
1494 692 1638 758 carissimi,
1655 700 1683 749 et
1700 706 1759 748 me.

129 788 921 865 tudinisetirnpetuspassionis,ut1amnecdelinquereme
972 804 1033 846 cum
1049 790 1150 860 paritet
1163 787 1347 857 expavescite;
1364 788 1424 855 quia
1436 778 1490 842 non
1500 785 1566 842 dicit
1578 785 1650 858 quod
1665 784 1760 842 reddet

129 886 293 958 intelligam,
308 898 358 940 nee
372 898 483 953 peccare
503 897 547 939 me
559 882 688 938 sentiam:
707 876 833 937 obscurat
847 878 920 936 enim
972 881 1115 951 uuicuique
1125 879 1272 936 secundum
1289 877 1499 934 misericordiam
1511 891 1598 945 suam,
1611 874 1659 932 sed
1672 892 1760 930 ucen-

130 989 213 1050 atque
229 977 317 1034 obruit
328 976 495 1033 intellectum
505 975 593 1031 delicti
610 973 752 1030 assiduitas
764 973 922 1042 deliuquen-
972 971 1034 1026 dum
1047 987 1125 1043 opera
1138 986 1195 1025 sua.
1208 969 1263 1036 {ilic
1279 969 1350 1025 enim
1366 981 1407 1024 est
1424 967 1593 1033 misericors;
1610 967 1646 1023 ibi
1659 967 1758 1037 irritus.
1783 984 1786 988 ·

130 1068 169 1125 di.
186 1069 292 1124 Etenim
306 1069 343 1123 ita
355 1065 740 1139 cornegligentisobduratur,
755 1073 784 1120 ut
799 1066 849 1120 boo
862 1065 922 1134 ipso
971 1063 1038 1119 liam
1049 1061 1118 1132 quod
1131 1062 1220 1121 statim
1232 1074 1284 1115 non
1299 1062 1325 1114 in
1342 1069 1497 1128 peccatores
1512 1067 1525 1096 ⁸
1540 1059 1584 1113 rin
1588 1095 1644 1113 .....
1657 1059 1761 1129 ιιιιίειι·ι

131 1151 155 1216 si
168 1174 223 1214 non
237 1172 267 1214 se
280 1156 413 1223 bumiliet,
430 1157 454 1213 si
475 1172 527 1215 non
543 1156 699 1222 satisfaciat,
716 1155 859 1226 praeposito
873 1169 922 1210 suo
973 1153 1009 1209 tia
1023 1162 1073 1219 est,
1087 1167 1139 1207 non
1155 1150 1327 1221 negligentia.
1338 1149 1395 1205 Non
1408 1150 1452 1206 ille
1466 1149 1582 1217 potentia
1599 1148 1703 1218 perdit;
1715 1144 1775 1207 sed'

131 1263 232 1305 nocere
245 1263 275 1306 se
288 1248 391 1312 credat,
404 1248 514 1315 insuper
529 1257 557 1303 et
571 1248 682 1304 insultet
695 1258 722 1304 et
735 1248 820 1310 dicat:
836 1247 921 1313 Quum
973 1263 1022 1304 nos
1048 1247 1080 1301 ad
1096 1245 1280 1317 poenitentiam
1300 1245 1455 1300 reservarit.
1472 1243 1547 1300 liade
1561 1242 1646 1314 magis
1663 1241 1761 1299 timon&

133 1337 336 1395 constanterilli
353 1337 451 1401 restiti,
463 1351 542 1404 auam
554 1336 622 1392 bene
634 1337 826 1407 nonacquicsi,
839 1351 924 1407 qsran·
972 1340 1037 1397 dum
1060 1347 1102 1394 est
1123 1352 1157 1394 ne
1175 1348 1276 1408 quamn
1295 1334 1396 1392 dlutius
1415 1343 1552 1405 exspectat
1567 1345 1597 1390 ut
1614 1341 1763 1405 cessemus,

133 1434 161 1484 ta
175 1426 336 1483 auctoritate
351 1427 488 1495 respondi,
503 1428 612 1498 putabat
626 1427 697 1499 quod
710 1443 753 1485 me
764 1443 871 1499 semper
883 1429 922 1484 illi
974 1441 1048 1487 tanto
1061 1430 1167 1503 gratius
1179 1429 1299 1494 damnet,
1314 1428 1335 1482 si
1347 1426 1490 1483 emendare
1505 1424 1681 1481 noluerimus.
1695 1424 1763 1484 Cttm

132 1517 276 1575 bumiliare
290 1518 416 1575 deberem
427 1519 439 1571 l
452 1517 528 1587 Quod
551 1519 596 1589 qui
610 1519 683 1589 iacit,
700 1520 808 1576 diabolo
824 1533 853 1575 se
869 1531 923 1575 tra·
974 1521 1031 1578 bace
1050 1521 1085 1576 ita
1101 1521 1168 1589 sint,
1188 1519 1259 1575 seire
1279 1526 1306 1574 et
1320 1516 1469 1588 intelligere
1486 1515 1629 1582 debemus,
1651 1514 1761 1582 iratres,

134 1606 235 1664 didisse
249 1615 365 1689 constat,
377 1607 467 1678 quide
480 1608 618 1664 lrominum
633 1610 742 1665 uitiiset
756 1611 923 1681 passionibus
975 1614 1043 1671 nihil
1057 1613 1134 1670 nobis
1147 1626 1207 1667 csse
1217 1610 1351 1667 salubrius
1361 1623 1440 1680 quam
1455 1616 1486 1664 ut
1497 1607 1631 1663 damnatis
1645 1607 1764 1663 omnium

134 1706 162 1755 et
176 1700 327 1770 perditione
349 1703 464 1770 laetetur,
484 1714 511 1760 et
539 1704 671 1773 eiusmodi
692 1706 788 1760 astitum
815 1707 922 1762 everriet
975 1709 1146 1780 praesentium
1160 1720 1250 1762 rerum
1266 1702 1457 1772 voluptatibus,
1470 1701 1497 1757 id
1507 1701 1765 1773 potiuscogitemus,

136 1788 184 1845 illa
197 1793 329 1848 sententia
344 1811 349 1848 :
364 1790 488 1850 Peccator
506 1797 596 1868 adjicit
611 1797 644 1849 ad
658 1795 826 1866 peccandum.
838 1796 923 1863 Quam
937 1779 1083 1873 1³quando
1097 1799 1198 1865 erimus
1213 1797 1246 1852 de
1258 1797 1308 1850 buc
1328 1793 1426 1849 saeculo
1439 1793 1589 1857 transituri,
1603 1793 1647 1850 rel
1659 1792 1768 1865 quando

135 1893 186 1935 nos
199 1878 372 1951 refugientes,
395 1882 466 1939 illam
493 1886 582 1952 potius
605 1895 743 1941 teneamus
764 1902 824 1957 oute
841 1886 921 1955 dicit,
976 1893 1177 1952 tabernaculum
1197 1889 1283 1948 nostri
1306 1887 1439 1956 corporis.
1461 1886 1558 1942 ultimo
1569 1886 1615 1942 die
1633 1899 1766 1958 superre-

120 1980 277 2056 'comnotus
297 1972 383 2028 attae
403 1974 591 2054 sanctificatio,-
613 1984 642 2030 us
657 1976 776 2056 qrrottota
794 1977 924 2033 addamus
975 1981 1245 2054 nienteueposuurt,
1259 1988 1287 2037 et
1299 1979 1395 2035 lterum
1408 1975 1471 2032 titud
1484 1976 1768 2032 resurrectionum-

120 2062 245 2159 ,merita
259 2077 310 2120 ¹¹²⁰
322 2063 356 2119 ⁶0
371 2064 448 2120 ¹¹⁰¹)ss
464 2064 565 2135 aliquid
581 2081 783 2135 ilffissfflifflisr
799 2070 859 2139 (tuli
876 2068 923 2126 ⁰⁶¹
977 2094 1042 2151 pore
1053 2076 1195 2147 recepturi,
1207 2083 1237 2130 ut
1248 2088 1310 2130 cum
1319 2049 1416 2130 eodem
1426 2070 1599 2142 recipiamus,
1616 2078 1767 2141 proutges·

121 2164 180 2242 'est
194 2168 275 2222 omne
287 2154 359 2226 quod
374 2169 476 2211 sutnus.
501 2154 592 2211 Simus
617 2158 706 2226 itaque
727 2157 754 2213 in
773 2173 855 2229 opere
877 2159 924 2216 bet
977 2173 1073 2237 gimpa,
1087 2170 1145 2226 stop
1165 2168 1278 2236 popum,
1296 2167 1352 2221 tire
1366 2165 1474 2220 matum,
1497 2161 1532 2220 Et
1545 2161 1608 2219 ideo
1627 2177 1695 2234 rogo
1708 2177 1767 2230 raa,

118 2246 322 2313 ‚indeficientes
333 2257 443 2318 propter
453 2256 581 2304 eternam
590 2250 803 2322 retributionem,
820 2261 847 2309 et
858 2269 925 2324 quo·
977 2262 1087 2330 tratres,
1099 2271 1130 2316 m
1146 2260 1303 2330 cogitemus,
1320 2257 1412 2329 quales
1433 2257 1534 2312 erimus
1557 2255 1583 2309 in
1603 2254 1649 2309 die
1670 2252 1764 2324 judicii

139 2338 206 2394 tidie
219 2338 253 2395 ad
267 2338 379 2395 meliora
391 2339 543 2395 tendamus.
556 2339 613 2408 lpsa
627 2343 698 2398 enim
709 2344 925 2415 apprehendendi
979 2353 1129 2425 purissimis
1145 2350 1303 2424 angelorum
1327 2347 1513 2417 conspectibus
1529 2344 1670 2402 offerenti,
1684 2354 1713 2401 tt
1729 2360 1767 2400 ω.

137 2428 261 2495 ariditas,
279 2429 335 2498 ipsa
350 2428 517 2485 consuetudo
532 2431 687 2499 proficiendi
707 2448 814 2502 sesrtper
829 2449 878 2490 nos
891 2436 925 2490 ad
979 2455 1056 2502 terno
1070 2443 1157 2513 tpdtpt
1177 2444 1308 2499 pittonem
1333 2439 1367 2496 tte
1387 2438 1464 2495 tibris
1484 2436 1659 2494 conscientia
1677 2434 1768 2492 reddt-

137 2523 239 2590 m³i⁰i³
263 2533 400 2590 lif⁰l⁰⁰0b
415 2530 443 2577 ⁰²
469 2519 513 2576 ubi
537 2523 636 2579 viderit
660 2526 730 2580 Deus
755 2525 925 2582 devotionem
980 2537 1041 2593 turi.
1059 2536 1179 2591 Remotis
1193 2534 1264 2591 enim
1283 2532 1408 2589 omnibus
1423 2527 1639 2600 probationibus,
1662 2537 1766 2584 certum

138 2612 245 2679 animm,
264 2615 446 2673 ardentiorem
469 2619 614 2675 insinuabit
633 2619 773 2684 allectum3
786 2628 813 2675 et
827 2627 927 2690 quanto
975 2628 1020 2685 'est
1042 2628 1068 2683 tn
1091 2626 1162 2684 ptem
1184 2626 1258 2681 tttpm
1272 2626 1358 2696 tpsum
1376 2629 1439 2678 ante
1459 2634 1489 2676 se
1512 2618 1650 2675 hominem
1668 2617 1766 2673 comit.

139 2717 190 2759 uos
201 2707 347 2762 arserimus
360 2708 394 2765 ad
410 2710 543 2779 studium,
561 2720 637 2766 tanto
657 2710 703 2767 iile
720 2720 837 2781 apponet
852 2711 925 2780 editt·
957 2779 960 2783 ,
979 2699 1116 2784 ιιιοιιᾰιιῖιι,
1130 2724 1157 2773 et
1169 2717 1255 2788 ipsam
1266 2715 1316 2770 sibi
1327 2714 1443 2771 animam
1454 2711 1480 2767 in
1495 2710 1588 2767 cordis
1599 2708 1765 2780 specblode·

52 2883 54 2888 ,
139 2797 253 2863 imiimi
279 2810 378 2869 quanto
404 2816 453 2858 nos
478 2804 683 2873 apposuerimus
697 2803 730 2858 sd
745 2802 925 2874 diligentiam,
979 2808 1191 2875 monstrandam,
1206 2816 1235 2863 et
1248 2816 1330 2863 testes
1345 2814 1438 2861 contra
1454 2817 1513 2860 eam
1528 2817 1582 2870 pou
1595 2800 1704 2858 aliunde
1717 2800 1768 2857 de·

139 2897 215 2946 unte
229 2891 275 2947 illo
289 2893 371 2950 addet
386 2895 418 2951 ad
430 2895 552 2965 gloriam.
567 2896 616 2964 Qui
628 2898 713 2963 babet,
726 2898 828 2952 dabitur
840 2898 889 2966 illi,
903 2899 928 2954 el
979 2901 1055 2967 ioris,
1069 2900 1117 2957 sed
1132 2901 1203 2955 intus
1216 2899 1250 2954 de
1261 2899 1318 2968 ipsa
1332 2897 1512 2967 proferentur,
1524 2892 1672 2966 adjicienda
1689 2899 1769 2948 erum

140 2983 359 3055 superabundabit
371 2985 476 3059 (ilottlr.
491 2990 564 3058 rrrt);
580 2998 607 3045 et
617 2989 737 3045 alioloco
752 2990 833 3045 dicit:
847 2989 928 3045 Potui
981 3011 1033 3051 pon
1049 2996 1137 3066 aliqua
1153 2995 1308 3064 peregrina,
1324 2989 1371 3046 sod
1386 2989 1498 3044 nimium
1520 2994 1580 3042 nota
1599 2983 1766 3050 testiritonie,

140 3071 298 3145 adjutorium
311 3092 387 3148 super
402 3086 538 3147 potentem.
550 3079 640 3135 Gratia
656 3096 720 3151 ergo
734 3081 768 3136 de
780 3082 866 3150 gratia
880 3095 927 3135 na·
980 3085 1071 3152 idest,
1085 3099 1166 3154 opera
1192 3096 1249 3147 sua,
1272 3080 1466 3136 ordinabuntur
1487 3085 1548 3134 ante
1563 3075 1695 3131 inteliccm
1711 3076 1767 3133 aui·

140 3165 236 3246 ‘⁰⁵5⁰ss
253 3176 280 3220 ⁰¹
294 3168 429 3235 i¹⁰f⁶⁰¹¹¹⁸
444 3157 745 3239 i¹⁰fi⁰¹i¹l¹¹⁸⁸erviunb
758 3172 829 3227 lucra
846 3148 965 3230 lucrisi2
981 3191 1051 3232 mam
1063 3181 1170 3245 peccata
1182 3172 1222 3229 uel
1237 3171 1349 3227 crimina
1364 3184 1422 3235 sut,
1437 3177 1466 3224 ut
1478 3183 1537 3224 eam
1548 3164 1694 3223 ooulundat
1704 3179 1770 3236 pro·

140 3264 169 3312 et
181 3258 276 3313 merita
291 3260 393 3313 meritis
405 3261 491 3316 locum
507 3262 626 3317 iaciunt:
643 3273 671 3318 ut
685 3272 784 3334 quanto
798 3266 857 3335 plus
870 3266 930 3335 ttuis
982 3267 1065 3334 batio,
1085 3273 1113 3322 et
1131 3263 1277 3320 conl'uudat
1300 3261 1412 3332 agnitio,
1437 3257 1583 3314 secuudum
1607 3256 1673 3312 illud
1696 3255 1770 3326 quod

140 3349 280 3418 militem
293 3351 416 3417 coeperit,
434 3360 508 3406 lanto
528 3353 589 3421 plus
604 3364 717 3409 cunctus
732 3357 887 3425 acquirere3
903 3366 930 3413 ct
980 3359 1107 3429 scriptum
1124 3364 1165 3410 cst
1180 3374 1186 3408 :
1201 3355 1316 3425 Arpuont
1333 3361 1367 3419 tc,
1383 3361 1406 3406 ct
1417 3359 1531 3405 statuant
1552 3348 1626 3402 iliam
1649 3358 1707 3403 oute
1726 3348 1768 3414 tu·

141 3450 243 3509 quanto
256 3440 359 3495 avidius
388 3442 422 3497 de
448 3444 586 3512 sapientia
610 3445 687 3503 bonis
712 3445 841 3515 bartserit,
857 3459 930 3506 tanto
967 3451 1044 3519 ,ciem
1055 3457 1124 3500 tuam
1138 3441 1373 3517 (Paatauruitt.
1388 3441 1545 3511 Quicunque
1554 3453 1585 3494 se
1602 3437 1693 3503 modo,
1704 3435 1768 3492 dum

142 3530 203 3599 plus
218 3530 327 3587 lrnutire
340 3531 496 3590 dosiderctt
511 3535 580 3590 sicut
592 3536 649 3609 ipsa
661 3538 694 3593 de
709 3552 739 3593 se
754 3538 869 3610 loquitur
881 3541 931 3598 Sa·
981 3539 1053 3603 licet,
1066 3534 1210 3594 emendare
1221 3534 1380 3602 negleterit,
1396 3533 1458 3588 ante
1474 3532 1547 3587 illum
1562 3529 1702 3587 coelest'em
1720 3533 1780 3598 po-·

141 3622 241 3694 pientia
256 3641 263 3677 :
280 3622 330 3688 Qui
350 3624 427 3679 eduut
446 3641 486 3679 rna
507 3625 593 3681 odlruc
614 3630 722 3683 esurient
735 3629 819 3701 (sect.
845 3632 928 3704 xxiv).
982 3631 1072 3703 pulum
1088 3629 1202 3697 primum
1218 3635 1378 3695 excepturus
1392 3632 1434 3679 est
1448 3622 1482 3678 de
1495 3615 1770 3689 conlisionesuppli·

72 3786 74 3791 ¹
112 3747 113 3751 ,
144 3720 292 3791 Urgeamus
314 3733 565 3792 cursumnostrum,
580 3733 610 3780 ut
624 3735 727 3782 crescat
742 3725 930 3783 innovissimo
980 3721 1294 3790 cium,etanima‚rpuae
1317 3716 1396 3773 modo
1411 3730 1459 3784 per
1476 3712 1672 3784 paenitentiam,
1699 3725 1771 3767 eom·

141 3812 197 3868 uita
209 3820 311 3869 nostra.
325 3815 483 3882 Quaeramus
510 3832 595 3886 usque
609 3817 637 3873 iu
661 3819 758 3889 linem,
780 3820 850 3877 unde
871 3823 929 3877 sine
981 3815 1134 3885 pendiosam
1145 3813 1360 3876 transactionem,
1373 3814 1541 3878 peecatorum
1553 3802 1710 3874 putredines
1722 3818 1771 3859 cu·

141 3903 195 3960 line
210 3892 334 3974 gaudere*
346 3920 508 3963 mercamur.
533 3907 587 3965 Sed
607 3918 683 3976 esto,
707 3926 761 3967 non
787 3927 929 3983 possumus
980 3922 1040 3965 rare
1050 3906 1212 3969 dissimulat,
1226 3911 1289 3957 ante
1302 3900 1366 3956 illud
1378 3898 1493 3955 tribunal
1508 3894 1695 3962 metuendum,
1711 3895 1773 3951 siue

141 4008 267 4051 exercerc
280 3997 402 4066 corporis
421 3998 537 4065 labores,
562 4001 729 4058 conferamus
742 4017 791 4058 nos
802 4004 835 4059 ad
850 4006 929 4073 spiri·
981 4003 1035 4057 ullo
1049 3999 1166 4055 remedio
1181 3980 1209 4052 iu
1222 4006 1351 4067 perpetuu>
1370 3993 1512 4049 vulnerata
1530 3989 1694 4047 remanebit.
1710 3987 1771 4045 osi

143 4083 252 4140 tualium
267 4089 399 4143 bonorum
418 4088 597 4155 desiderium,
620 4091 653 4146 ad
675 4094 888 4162 compunctionis
902 4104 929 4151 et
978 4093 1033 4162 jam
1048 4105 1118 4147 nuno
1133 4090 1229 4146 taciem
1240 4086 1390 4156 peccatoris
1402 4085 1499 4140 animis
1512 4083 1606 4138 liceret
1615 4079 1774 4136 oculisest·

140 4177 261 4232 maturis
279 4187 461 4247 augmentum.
481 4177 510 4233 Si
521 4180 640 4247 quotidie
651 4184 677 4234 lu
689 4182 815 4239 cordibus
830 4186 929 4239 nostris
980 4184 1021 4239 dis
1034 4191 1080 4236 aut
1092 4180 1212 4248 corporis
1234 4177 1342 4240 intueri,
1357 4184 1384 4231 ct
1403 4173 1577 4230 conscientie
1588 4179 1691 4226 nostrae
1701 4169 1772 4239 trul-

140 4266 314 4336 disponamus
329 4281 467 4331 ascensus,
483 4266 556 4322 nulla
574 4269 740 4336 inllrmitate,
766 4273 835 4327 nulla
851 4280 928 4330 atate
981 4281 1035 4327 turn
1053 4271 1078 4326 iu
1102 4268 1239 4324 oculorum
1261 4265 1427 4336 praesentiam
1449 4262 1662 4333 permitteremus
1684 4256 1773 4312 addu-

140 4357 234 4413 lassari
250 4365 370 4427 possunt¹
383 4366 505 4423 mentes,
522 4367 550 4413 ut
565 4359 747 4426 spiritualibus
768 4364 928 4432 quibusdam
980 4364 1055 4419 cerel
1069 4360 1190 4429 Quodsi
1206 4359 1269 4414 licet
1287 4372 1336 4412 nec
1350 4356 1402 4411 dici
1426 4362 1531 4422 potest,
1547 4359 1646 4422 quanto
1664 4347 1770 4413 studio,

139 4445 268 4517 gradibus
291 4445 437 4502 ascendere
460 4461 612 4502 mereamur
626 4448 659 4504 ad
675 4452 804 4519 promissa
822 4452 928 4508 bomini
980 4463 1131 4524 quantoque
1151 4450 1222 4507 nictu
1236 4463 1391 4523 urgeremus
1407 4444 1504 4502 totto
1518 4454 1694 4512 componere,
1714 4452 1774 4493 roa-

139 4537 225 4593 nostri
238 4537 302 4593 iesu
322 4536 432 4600 Christi,
458 4539 502 4595 cui
516 4546 558 4594 est
572 4536 669 4606 bonor,
685 4540 772 4596 uirtus
782 4550 809 4597 et
831 4543 925 4612 gloria,
939 4510 1066 4602 ¹'colata
1079 4553 1193 4613 tergere,
1208 4542 1345 4595 vulnerata
1360 4551 1465 4594 curare,
1479 4533 1542 4591 ideo
1560 4532 1621 4603 quia
1636 4544 1693 4585 non
1708 4543 1775 4599 pos·

140 4625 258 4697 potentia
270 4635 298 4681 ⁰²
312 4626 430 4694 elilim,
446 4637 474 4683 ei
492 4629 706 4700 mimilevum,
723 4639 752 4686 ei
773 4632 926 4703 imperium,
980 4653 1071 4694 sumus
1084 4635 1168 4691 oculis
1181 4632 1313 4702 corporis,
1329 4620 1512 4698 inspiciamus,
1525 4625 1552 4679 in
1565 4630 1696 4694 qttanittm
1709 4634 1776 4690 pos-

140 4724 167 4772 et
187 4731 270 4783 nune,
284 4725 312 4774 et
326 4727 482 4788 semper,et
496 4718 633 4776 incuncta
648 4721 929 4779 suculasoeculorum.
979 4744 1082 4794 sumus,
1104 4726 1189 4782 oculis
1211 4722 1311 4790 cordis,
1335 4730 1363 4775 ct
1380 4716 1564 4787 unusquisque
1585 4712 1774 4768 conscientias

139 4808 236 4863 Amen·
980 4829 1087 4876 nostras
1106 4825 1168 4871 anto
1190 4822 1362 4884 conspectum
1382 4808 1518 4866 interioris
1532 4803 1646 4862 bominis
1663 4803 1776 4859 consti·

431 4901 546 4957 stulto
566 4902 647 4958 llll·
927 4894 932 4906 '
981 4917 1098 4974 tuamus,
1113 4907 1163 4978 ipsi
1174 4905 1351 4973 nosmetipsos
1366 4890 1612 4970 'castigemus,'ipsi
1626 4907 1678 4950 nos
1693 4907 1777 4951 eura·

391 4993 439 5057 (ΕΣ
452 4993 559 5045 ¹¹⁹⁰¹¹⁰⁰
570 4995 686 5058 emisisti
738 4986 741 4993 ¹
981 5005 1081 5060 tionem
1104 5002 1139 5056 de
1152 4991 1525 5070 quotidianajconrersatione
1538 4988 1680 5044 iaciamus.
1698 4986 1778 5043 Allo-

107 5079 111 5090 '
174 5088 263 5153 blodo,
280 5087 377 5144 iratres
390 5088 533 5155 carissimi,
547 5104 608 5146 cum
624 5090 714 5147 divina
732 5092 811 5148 lectio
826 5094 928 5164 legero·
981 5107 1077 5168 quatur
1090 5110 1119 5150 se
1134 5092 1161 5148 in
1173 5089 1284 5149 secretis
1295 5100 1460 5158 rtnaquaeoue
1473 5083 1572 5148 anima,
1584 5088 1613 5136 et
1626 5078 1719 5135 diest:
1730 5078 1779 5134 Vi·

102 5253 105 5263 1
139 5187 193 5246 tm,
211 5180 360 5235 audiuimus
377 5180 484 5236 beatum
499 5181 656 5251 Apostolum
672 5185 825 5242 terribiliter
839 5202 888 5243 nos
902 5196 929 5242 et
980 5191 1091 5247 deamus
1103 5189 1126 5243 si
1142 5187 1210 5242 banc
1223 5185 1293 5239 diem
1308 5183 1367 5238 sine
1379 5188 1500 5252 peccato,
1516 5176 1574 5231 sine
1587 5172 1704 5241 insidia,
1718 5174 1780 5228 sine

139 5271 496 5330 “iubrilerddtttolleltiem
514 5274 646 5331 Sicenittt
667 5275 929 5334 aiitiimltetttttttti·
980 5281 1185 5345 obtrectatione,
1212 5278 1269 5333 gine
1292 5272 1504 5329 murmuratione
1524 5265 1651 5335 transegi,
1673 5263 1781 5320 Videa-

139 5364 228 5434 tettori
243 5373 340 5436 oportet
357 5373 417 5418 orate
438 5365 549 5421 tribuual
563 5367 671 5432 Christi,
696 5379 724 5423 ut
738 5371 833 5439 retonat
847 5388 926 5427 ustus·
959 5390 1040 5431 ,mus
1061 5374 1084 5429 si
1104 5371 1183 5427 bodie
1210 5368 1280 5440 quod
1304 5365 1337 5422 ad
1358 5364 1508 5436 proiectum
1532 5359 1629 5415 animae
1654 5359 1782 5427 pertinet

138 5455 244 5534 liiidie
255 5457 359 5527 1²⁷⁰th
374 5460 497 5528 c⁰fll⁰rib
513 5460 686 5531 tranlucent,
701 5461 864 5530 sitrcianunr,
876 5464 927 5517 siue
946 5535 948 5540 Ι
981 5475 1107 5537 operatus
1121 5479 1179 5518 sum
1198 5478 1204 5514 :
1221 5469 1286 5530 puto
1303 5457 1372 5529 quod
1389 5455 1467 5513 bodie
1485 5452 1614 5510 mentitus
1634 5465 1713 5519 sum,
1730 5466 1781 5522 per

140 5547 236 5602 mutua
267 5545 310 5611 (Η
338 5547 397 5604 Gor·
429 5550 484 5620 iti).
514 5551 602 5618 Quare
628 5552 707 5606 etiarn
739 5553 865 5614 basoinus
899 5559 926 5612 in
978 5559 1057 5626 iram,
1069 5555 1112 5612 vel
1128 5550 1369 5624 concupiscentiam
1382 5551 1466 5605 rictus
1481 5561 1552 5614 sum,
1569 5557 1619 5602 nec
1630 5542 1718 5601 alicui
1734 5545 1783 5603 be⁴

177 5735 281 5817 ⁸Forte
301 5737 413 5792 uindicta
432 5736 572 5804 deuctrdit,
586 5736 639 5803 uel,
661 5736 781 5806 uindicat,
799 5738 840 5797 uel
859 5740 959 5812 aliquid
974 5741 1071 5813 simile.
