3810 6254
130 299 175 361 581
306 289 472 351 oblatitii
492 290 524 347 tn
545 289 731 348 HISTORIAM
752 286 897 347 PCRSEC.
920 287 1069 345 vannat.
1090 286 1359 348 condonaturos
1379 288 1593 349 tttsuobtcbs.
1709 288 1764 350 ³8!

434 407 547 467 CllPUT
568 408 610 465 tlt.
930 409 1163 471 stabuleanter
1186 414 1337 477 prouincias
1358 416 1538 480 rrrnpttonem
1557 410 1668 481 proprio
1686 420 1762 467 urotu

130 508 277 567 Consulem
292 504 402 561 doraum
419 501 527 563 intendit,
550 500 683 574 sociosque
701 501 800 573 imperii
812 501 916 572 panna.
933 516 937 525 ·
971 479 1118 563 susceperit
1132 480 1224 563 attila,
1237 489 1284 563 aaut
1295 478 1560 566 eerteaCeuscrieo,
1575 481 1632 536 viro
1643 472 1763 537 callidis·

428 572 480 627 pp„
495 572 617 627 dmm,
971 563 1049 615 struo,
1076 549 1109 605 ad
1131 550 1157 605 ι4
1178 549 1258 607 suerit
1281 566 1392 621 pecarnis
1414 560 1566 621 instigatus,
1592 559 1622 606 nt
1637 552 1762 609 tiburtulll

972 620 1065 675 uoluunt
1089 622 1220 677 incertum
1234 632 1285 677 est.
1549 636 1575 675 a

163 694 188 749 4.
203 689 272 747 Cum
292 685 456 743 Cessericus
474 693 555 768 rapta
565 684 725 769 Carthagine
747 686 813 742 nihil
829 686 918 746 slhlin
1005 693 1033 747 4.
1050 662 1183 751 Ceterum
1205 691 1407 749 Valentinianus
1426 692 1499 747 ontrii
1521 707 1568 762 spe
1592 692 1762 765 Carthaginis

130 763 217 823 sinas
240 758 413 817 metuendum
434 770 496 812 asse
518 764 609 823 sciret,
634 757 753 812 Siciliam
777 773 919 826 aggressus
971 762 1084 834 imperio
1107 763 1273 819 uindicanda.
1296 762 1456 825 frustratus,
1479 768 1561 819 tertio
1584 773 1761 835 postquarna

129 844 179 903 ast,
194 832 276 903 idone
290 830 385 886 eodem
400 841 542 911 annoque
560 826 749 899 Carthaginem
773 830 918 897 inuaserat,
972 832 1099 889 ianrlalis
1121 842 1199 901 capta
1219 834 1307 891 irrorat
1330 850 1413 904 anno,
1437 833 1566 890 Dioscoro
1589 844 1616 890 at
1639 836 1762 892 Eudoxio

129 914 159 963 ut
170 904 266 961 scribit
279 909 376 957 auctor
384 900 509 954 Chronica
529 897 680 963 Pascbalis;
706 898 753 954 suli
769 915 829 957 um
851 900 920 956 irtu-
971 904 1136 969 eonsnlilms,
1152 904 1233 963 idest
1254 920 1324 960 :runo
1338 906 1402 970 444,
1422 919 1515 973 pacem
1536 921 1596 961 curn
1613 904 1762 962 Cerrserico

130 979 249 1048 rainnero
262 988 323 1029 cum
337 971 433 1038 idatio,
443 970 590 1052 ‘Prospero
603 977 630 1024 et
651 970 823 1040 cassiodoro,
848 986 920 1027 anno
971 977 1120 1044 recasavit,
1136 976 1234 1047 alfrico,
1250 975 1287 1031 uti
1304 975 1386 1033 reiort
1400 976 1524 1044 Prosper,
1539 988 1565 1032 et
1578 992 1639 1032 euru
1653 993 1686 1031 eo
1697 978 1761 1033 Cas-

131 1044 253 1119 scquenti
269 1045 357 1113 potins
375 1039 586 1110 consignandum
602 1054 662 1095 esse
675 1053 786 1097 censent
797 1044 847 1098 uiri
859 1059 921 1099 eru·
971 1044 1106 1112 siodorus,
1128 1056 1157 1104 et
1175 1046 1231 1109 alii,
1253 1049 1328 1102 ceros
1342 1047 1432 1115 spatiis
1447 1048 1512 1100 iuter
1527 1056 1658 1118 nitrumque
1669 1048 1763 1114 aliu-iso,

130 1120 189 1180 diti,
205 1114 392 1172 Valentiniano
403 1112 508 1168 scilieet
520 1111 640 1193 hruprtsto
650 1128 666 1167 u
677 1122 704 1166 et
719 1112 843 1170 Anatolio
857 1127 920 1170 eon·
973 1116 1150 1187 byzacenam,
1161 1117 1369 1185 Tripolitanum,
1393 1127 1419 1171 et
1440 1118 1603 1185 provinciam
1624 1134 1683 1187 quun
1705 1134 1765 1188 piro·

130 1189 246 1253 4414444,
268 1185 295 1240 id
307 1192 351 1241 0⁸⁸
362 1197 433 1237 anno
444 1181 562 1264 ruituris
576 1198 637 1237 noae
652 1182 714 1237 lib.
731 1182 795 1240 ttae
808 1193 848 1240 ost
877 1200 921 1239 ro·
972 1186 1121 1245 cousudaris
1135 1189 1284 1249 dicelratua
1298 1188 1418 1243 barbaris
1430 1188 1529 1243 dimisit
1543 1190 1698 1255 imperator,
1722 1203 1765 1243 re-

129 1261 175 1318 eul
189 1258 274 1315 dubio
286 1255 380 1326 patrita
399 1268 456 1335 susa
468 1252 618 1334 celarunt-as,
640 1268 720 1323 quiam
744 1254 860 1311 Paschas
872 1270 922 1310 uris
974 1258 1053 1315 teritis
1068 1258 1224 1314 Mauritania
1240 1270 1352 1327 utraque
1367 1259 1525 1315 Caesariensi
1542 1258 1643 1314 scilicet
1656 1268 1685 1314 et
1698 1257 1765 1315 Siti·

131 1333 172 1389 btt
192 1332 313 1387 basianus
328 1322 752 1406 ittSicilisepuseopnsdeplurat
767 1325 920 1397 inepistola
973 1328 1052 1395 lensi,
1076 1328 1211 1396 Numidia,
1238 1340 1266 1387 et
1289 1344 1321 1386 aa
1349 1328 1458 1399 regiam
1503 1345 1543 1383 ure
1576 1330 1674 1385 ueteris
1700 1331 1764 1385 olim
1864 1340 1867 1347 '

130 1348 295 1460 minuma
306 1396 431 1467 mgnum
446 1394 653 1480 patrisbronna
666 1409 718 1463 rprra
732 1398 923 1479 truilitalemtel
974 1398 1138 1456 liauritanire
1155 1416 1216 1470 praes
1235 1409 1294 1457 erat
1344 1410 1400 1457 stea
1422 1346 1634 1471 subitaneos
1656 1401 1766 1457 nouriua

126 1474 200 1530 allas
212 1482 360 1535 minoas,
375 1480 537 1549 autoritatum
550 1474 696 1533 roptruuote
707 1466 825 1550 torrente,
839 1482 870 1525 se
882 1484 923 1524 m·
974 1470 1091 1541 cognita,
1109 1470 1156 1527 sed
1170 1488 1230 1543 quae
1241 1472 1275 1527 ad
1288 1415 1342 1526 lg?
1355 1472 1478 1528 onisrum
1493 1471 1631 1527 dioecesim
1647 1472 1765 1541 pertine·

131 1544 254 1603 44444444
263 1544 447 1611 antiquantur.
460 1537 493 1591 tn
503 1534 611 1620 uiridem
625 1550 732 1606 gravem
747 1535 829 1597 halese
843 1538 921 1594 istam
975 1540 1028 1597 bat.
1044 1540 1177 1598 Numidiae
1192 1549 1296 1612 partem
1311 1487 1404 1611 adiicit
1421 1541 1510 1598 Victor
1526 1542 1643 1598 ilitensis
1661 1542 1731 1596 libro
1741 1558 1761 1609 ι,

131 1612 235 1673 startia
256 1609 436 1667 calamitatem
454 1622 488 1664 ex
509 1607 569 1663 slus
582 1620 689 1677 quoquc
708 1609 863 1665 arretoribus
876 1608 922 1679 oni
975 1628 1049 1667 rium.
1062 1614 1089 1677 4,
1115 1613 1159 1669 ubi
1174 1614 1349 1685 bysacenam,
1376 1613 1563 1678 abaritanam,
1586 1623 1666 1676 atrius
1684 1612 1768 1669 Getu-

119 1682 321 1743 ‹asdarasari
355 1686 444 1745 erunt,
470 1677 557 1748 colligi
575 1686 672 1759 potest.
688 1676 813 1759 Testatur
826 1680 923 1750 quiippe
975 1682 1049 1749 liam,
1067 1692 1094 1738 et
1111 1693 1215 1753 piantem
1229 1684 1360 1739 Numidiae
1371 1683 1546 1739 Censorinum
1560 1684 1640 1755 Μ
1655 1685 1706 1738 sihi
1720 1700 1766 1738 re·

131 1756 257 1814 isidorus
278 1754 305 1808 in
345 1751 402 1832 reri
426 1748 615 1834 laudatorum
629 1746 754 1833 historia,
780 1766 835 1805 :ura
858 1750 922 1820 467,
942 1766 1100 1854 Bseruasse
1122 1756 1231 1822 scribit,
1260 1754 1323 1810 data
1350 1755 1481 1810 exercitui
1507 1755 1692 1823 proconsulari
1717 1768 1767 1809 seu

119 1822 322 1888 Camerinum,
336 1823 440 1892 direpto
451 1836 524 1876 ιιιιιιιι
542 1820 644 1887 Sterha,
658 1830 738 1875 otram
751 1821 923 1885 Panormum.
979 1822 1135 1891 zanrtrana,
1146 1824 1266 1887 (interos,
1280 1826 1377 1895 inquit,
1388 1826 1530 1897 prouincias
1541 1824 1599 1879 licet
1611 1826 1765 1879 extermine-

130 1900 219 1956 tolitts
232 1893 327 1951 irisaiae
340 1901 430 1964 eaput,
443 1890 583 1948 obsidione
598 1890 725 1947 cinxisse.
741 1892 769 1948 ld
781 1908 846 1949 tero
857 1892 925 1949 hatt-
978 1905 1016 1951 los
1031 1892 1212 1951 Valentiniono
1223 1896 1308 1951 adhuc
1327 1895 1486 1967 defendente.
1507 1896 1556 1951 iiie
1568 1911 1649 1963 porro
1669 1895 1695 1949 in
1711 1909 1767 1950 nte·

127 1972 168 2027 sit
179 1984 214 2025 ax
233 1965 309 2022 idatii
329 1963 448 2035 episcopi
459 1960 603 2027 Chronico,
616 1960 661 2032 qul
674 1977 783 2033 grauem
799 1979 831 2020 ea
845 1979 925 2020 occa·
978 1967 1226 2023 moriauireiucare
1236 1965 1427 2036 iuratbeonis,
1437 1967 1516 2021 rebus
1526 1967 1609 2035 gestis
1620 1965 1767 2034 plnsrpnnn

112 2042 212 2099 ginno
235 2034 451 2109 penaernlooem
469 2032 600 2088 aduersus
619 2033 766 2089 catlrnliros
782 2032 809 2088 in
831 2034 925 2091 eadem
978 2037 1086 2091 nomine
1099 2036 1197 2107 hagani,
1216 2037 1329 2093 llontani
1352 2035 1494 2107 pontilicis,
1520 2051 1570 2106 pro
1583 2036 1703 2091 Ecclesia
1720 2035 1767 2091 bei

59 2134 73 2139 -
116 2109 273 2183 ,resinata
292 2106 435 2163 sbarbaro
458 2116 695 2174 regecommotam
722 2104 803 2161 brisso
820 2107 925 2174 scribit,
978 2106 1029 2162 sibi
1042 2107 1186 2165 crimmissa
1201 2122 1333 2162 sunmiam
1356 2107 1575 2176 sollicitudinem,
1600 2106 1646 2177 oiri
1668 2108 1768 2162 ueritus

124 2181 281 2251 instigante
300 2176 405 2235 seilicet
424 2175 569 2231 blaximinn
584 2174 693 2231 Arianae
707 2185 789 2231 sertas
810 2176 924 2247 ianitore,
979 2193 1013 2235 ue
1027 2177 1095 2233 inter
1111 2186 1199 2232 tantus
1213 2178 1344 2233 bellorum
1357 2178 1496 2242 turrrultus,
1509 2180 1606 2248 qtrihus
1618 2177 1768 2243 agitabatur

112 2252 208 2325 qnod
220 2250 258 2306 ah
278 2246 436 2305 orthodoxis
450 2246 613 2302 antistitibus
636 2246 715 2317 paulo
734 2255 813 2301 antea
833 2248 927 2303 luisset
978 2248 1081 2309 hiriea,
1093 2248 1280 2304 ecclesiasticae
1295 2247 1768 2318 disciplinasrimaralirpnoddispen-

112 2322 342 2381 moderaretur.
364 2318 427 2375 llaee
445 2327 508 2373 snut
523 2317 598 2372 idatii
608 2317 691 2373 rerba
704 2335 710 2369 :
721 2316 865 2373 Coiserieus
881 2318 926 2375 st·
979 2318 1050 2387 dium
1069 2328 1215 2388 pateretur,
1233 2320 1306 2389 pacis
1320 2319 1442 2383 ubtemu,
1458 2334 1538 2386 otram
1554 2320 1623 2373 inter
1646 2320 1764 2385 impera·

103 2396 225 2450 tiliam
237 2392 413 2465 denodatos,
429 2386 587 2443 Panormom
606 2389 651 2443 diu
667 2388 762 2443 obsedit
774 2406 783 2443 :
795 2391 839 2461 qui
854 2388 928 2445 dors-
979 2399 1065 2445 tnreru
1085 2398 1112 2445 et
1123 2388 1297 2445 Censorienur
1315 2390 1500 2445 confirmatam
1519 2389 1601 2445 luisse
1621 2402 1683 2442 mox
1696 2388 1769 2444 dice·

108 2465 190 2519 atati
203 2481 221 2517 o
235 2460 367 2517 eomohais
376 2461 501 2544 episcopis
514 2457 633 2524 simini,
645 2462 714 2529 opud
725 2458 842 2515 Cicilium
854 2460 928 2515 drio-
979 2460 1082 2526 lustrans,
1092 2471 1268 2530 opportunam
1280 2474 1341 2517 esse
1351 2460 1633 2516 censuitoecasiooem
1647 2458 1769 2516 initiandi

108 2534 322 2607 1444444ῇῇ
333 2534 421 2596 dosis,
442 2533 575 2585 orloersnm
592 2528 730 2585 catholicos
753 2533 928 2601 nunciabatur
984 2532 1011 2587 iu
1025 2534 1090 2585 istas
1104 2531 1228 2601 regiones
1241 2531 1331 2601 legati,
1356 2532 1401 2601 nui
1416 2532 1474 2586 rico
1488 2545 1536 2587 sus
1551 2531 1631 2586 rebius
1645 2530 1770 2585 ominbus

99 2607 272 2671 instincta,
293 2612 322 2658 st
337 2619 380 2658 eos
418 2617 501 2673 uoqno
524 2610 599 2673 porto
619 2601 645 2655 io
666 2602 819 2668 irripietotem
830 2612 929 2673 caperet
981 2602 1144 2675 provideret.
1165 2601 1310 2657 Potentiam
1323 2603 1482 2673 episcopum,
1496 2601 1530 2656 ad
1544 2600 1570 2656 id
1584 2617 1676 2671 opusa
1693 2600 1770 2655 heato

104 2677 263 2732 Arionem
276 2690 286 2729 s
300 2619 430 2729 nonnuliis
444 2672 640 2737 declinantibus,
662 2672 788 2743 olipouati
806 2672 928 2727 durantes
981 2674 1106 2742 pnrnillea
1120 2674 1233 2728 electum
1254 2673 1346 2736 luisse,
1372 2682 1452 2740 atoue
1465 2672 1493 2727 in
1512 2671 1628 2728 hiriesrn
1645 2670 1770 2725 transmi-

73 2745 303 2804 n‘naotltoliea
312 2745 363 2817 pde
372 2758 577 2799 consummatore
587 2742 748 2815 martyrium.
760 2742 827 2799 idam
840 2752 927 2799 narseo
980 2742 1049 2799 sisse
1070 2743 1197 2799 discimus
1217 2758 1249 2799 ex
1273 2743 1356 2813 ipsius
1379 2742 1491 2813 epistola
1506 2742 1540 2797 ad
1560 2746 1702 2812 episcopos
1723 2756 1771 2811 per

77 2816 318 2893 'malaciam
342 2815 411 2871 siout
424 2824 452 2871 et
467 2814 582 2878 Bruttios,
604 2810 778 2869 Censericurn
800 2814 929 2871 inrardcre
979 2812 1164 2869 Mauritaniam
1178 2812 1372 2869 Caesariensem
1388 2814 1548 2869 coristitutos
1568 2813 1643 2876 data,
1668 2825 1729 2881 quin
1743 2812 1770 2865 lu

65 2900 279 2959 nunquam
335 2884 418 2941 tuisse
441 2894 553 2940 testatur
566 2882 750 2941 Tireodurieus
764 2902 810 2941 reu
824 2883 928 2940 Gotho·
981 2885 1115 2955 prioribus
1128 2884 1292 2940 editionibus
1305 2883 1400 2939 ordine
1415 2884 1461 2952 st,
1479 2885 1505 2938 in
1517 2883 1692 2950 Quiesrreliana
1708 2895 1771 2937 vero

52 2974 214 3022 jara,
234 2970 287 3029 spu
318 2956 508 3013 Cassiodorum
530 2954 600 3011 libr
623 2954 780 3023 l'ariarnm,
802 2955 881 3025 epist.
901 2957 928 3025 4,
980 2955 1098 3013 editione
1117 2956 1236 3011 ornatiora
1258 2956 1341 3024 prima
1362 2963 1412 3009 est.
1439 2954 1467 3009 ln
1482 2968 1589 3010 eanero
1603 2952 1716 3023 epistola
1730 2966 1770 3007 re·

29 3028 271 3102 medeas
284 3026 459 3084 Cassiodorus
477 3024 768 3082 arusiortitertntatns
783 3026 888 3082 luisset.
982 3025 1124 3096 praebendit
1142 3026 1360 3095 vigilanti-simus
1383 3025 1504 3093 pontisas
1527 3022 1693 3080 hauriuntur
1715 3024 1772 3093 cpi·

174 3100 204 3157 2.
216 3099 302 3156 Tutus
321 3100 410 3169 itaque
424 3096 485 3153 huic
499 3097 664 3169 expeditioni
678 3097 849 3154 incumbebat
859 3096 929 3155 Cen·
980 3111 1089 3165 scopos,
1115 3098 1185 3167 quod
1207 3096 1249 3152 nel
1273 3097 1308 3152 ob
1332 3105 1476 3167 ternporun
1498 3096 1710 3167 perturbationes,
1726 3102 1772 3149 aut

10 3172 256 3237 aericus,
269 3168 398 3235 Sieiliom,
411 3168 496 3240 lnquit
507 3168 624 3239 Prosper
636 3170 662 3223 in
674 3166 819 3235 Chronico,
832 3178 860 3224 el
871 3180 931 3239 port
944 3180 968 3244 (ς
982 3168 1147 3223 onllernr'an
1170 3168 1393 3239 presumptionis,
1417 3177 1463 3221 aut
1483 3174 1555 3223 certe
1576 3168 1613 3220 ob
1634 3163 1771 3234 populures

10 3257 206 3302 curn
230 3240 416 3307 Cassiodorus,
442 3241 551 3311 probiter
575 3240 697 3321 optinens,
725 3256 786 3295 euru
812 3250 929 3310 coeptmo
983 3242 1107 3294 turnultus
1121 3239 1330 3309 indulgentiores
1343 3236 1417 3302 iacti,
1432 3238 1556 3308 indiguos
1570 3234 1772 3304 alirpuotarlps·

10 3327 224 3384 capus,
239 3310 329 3367 audito
341 3310 489 3368 sebastiani
503 3310 609 3366 comitis
630 3325 657 3366 ιιι
673 3310 791 3366 siricam
804 3312 931 3380 aduentu,
982 3310 1084 3367 storale
1104 3311 1238 3381 fastigium
1258 3309 1423 3377 erexisseut3
1445 3323 1555 3380 otiosos
1576 3308 1670 3362 ordbra
1691 3305 1772 3374 dejici

10 3386 69 3441 ἰ
139 3380 533 3453 atterrupit2reritusquippe
553 3390 689 3439 natamus
704 3382 806 3437 virsibi
827 3383 932 3439 absenti
983 3380 1250 3451 iniperarit,serrata
1264 3389 1398 3436 tantanaa
1414 3381 1772 3448 moderationequamtem-

10 3470 150 3509 Β
163 3453 231 3524 linus
247 3454 353 3579 neffiotia
367 3452 523 3520 incesseret,
536 3455 625 3508 statim
641 3450 829 3523 Carthaginem
841 3454 931 3509 rediit.
984 3453 1058 3524 poris
1071 3452 1235 3507 occultissimi
1254 3452 1400 3507 necessitas
1414 3451 1547 3522 exigebat.
1574 3449 1675 3506 ibidem
1700 3461 1771 3517 praa·

10 3522 244 3579 Uerum
259 3524 285 3581 oi
305 3524 323 3580 tt
345 3523 417 3579 aliud
432 3522 607 3579 Sebastianus
622 3539 700 3593 quiam
716 3524 794 3579 saluti
817 3526 933 3595 propriae
984 3523 1075 3579 scribit
1087 3523 1150 3592 quid
1161 3522 1309 3647 [antistatis
1321 3523 1369 3577 liei
1381 3538 1438 3588 ouo
1450 3524 1616 3595 intepritotenr
1629 3519 1735 3591 pudoris
1745 3517 1773 3571 io

10 3595 286 3651 fflusolero
300 3595 359 3667 torpa
374 3592 519 3661 rinnrebat.
541 3594 588 3651 llic
601 3594 673 3651 enim
688 3603 777 3665 polest
792 3597 931 3666 Bortiiaeii,
984 3610 998 3647 o
1018 3595 1147 3664 pressione
1177 3594 1293 3647 orderico
1313 3592 1489 3663 perdiderant,
1515 3594 1666 3647 laciendum
1689 3596 1771 3643 essai.

10 3676 125 3717 Ξ
165 3667 222 3735 njus
237 3664 319 3720 liliam
342 3664 466 3733 duxerat,
489 3675 615 3729 irtortem,
636 3680 791 3721 socerosuo
805 3667 933 3723 substitu-
1007 3663 1104 3718 oncilin
1118 3663 1341 3728 Clralcedonensi,
1365 3665 1434 3732 qurod
1450 3665 1564 3718 durante
1581 3661 1630 3716 bae
1646 3658 1774 3729 trananti-

10 3770 16 3779 -
84 3748 201 3804 -ιι,
218 3734 934 3807 paulopostAEtiolocumcederocurtemaim-rat,a
985 3734 1480 3805 litatecontraEutpelretemhabitum
1492 3731 1775 3794 estannolbbnon-

168 3820 201 3859 o
209 3810 328 3863 sentinae
356 3806 452 3874 alatio,
473 3814 502 3861 ut
517 3805 616 3863 idatius
626 3807 730 3873 scribit,
742 3810 868 3876 capiulsus
881 3818 932 3863 est.
985 3806 1052 3861 nulli
1066 3821 1100 3859 ex
1115 3805 1246 3860 hiricanis
1264 3805 1397 3874 episeopis
1418 3805 1569 3860 adhierunt.
1586 3805 1624 3857 Er
1650 3802 1691 3854 his
1709 3800 1773 3865 duro,

10 3874 249 3945 e-lapns
264 3822 362 3935 dcinXe
374 3876 474 3945 alipuut
486 3878 646 3934 anrriseosol
657 3888 679 3930 et
690 3881 824 3950 prosimos,
838 3878 933 3934 corlant
985 3877 1087 3931 scilicet
1114 3875 1265 3929 Valerianus
1285 3874 1473 3938 bossionensis,
1495 3885 1523 3930 et
1544 3874 1613 3927 ariter
1634 3871 1775 3925 boariorum

38 3946 230 4003 q-tdatio
244 3956 322 4016 teste,
332 3949 366 4002 od
379 3948 624 4021 polotiumlirientis
638 3947 935 4021 nouipor·r't,esinderpue
986 3947 1075 4017 cifras,
1095 3945 1279 4015 subscripsere
1296 3946 1402 4000 actione
1417 3947 1460 4001 lli.
1474 3945 1532 4000 laos
1548 3952 1627 3999 atrtca
1641 3940 1775 3996 actiones

10 4020 60 4057 ἱ
85 4012 227 4073 ”finib
242 4020 347 4077 iortuoa
362 4018 479 4089 iupatus,
493 4017 734 4083 adPhsodmidem,
746 4021 782 4073 sie
792 4020 837 4074 illu
846 4018 932 4073 Theo·
987 4018 1126 4072 interriornti
1139 4019 1243 4071 lucram
1256 4016 1375 4069 Arretino
1396 4019 1529 4087 episcopus
1544 4015 1737 4081 Adrrrmetinus,
1750 4016 1774 4065 et

10 4072 268 4145 ’wenni
284 4090 415 4162 appellat,
427 4088 575 4145 Gothorum
588 4105 678 4159 regern
689 4089 821 4160 coniugit;
836 4105 867 4145 ae
878 4101 936 4143 tane
988 4087 1294 4158 llostirionnsspiscopur
1305 4090 1454 4156 Africanos.

10 4224 15 4233 ,
149 4174 210 4217 σω
226 4162 253 4218 in
267 4160 383 4217 hiricarrr
397 4160 430 4215 ad
447 4160 579 4216 tantatos
590 4161 734 4228 transiens,
751 4173 811 4228 pust
826 4160 935 4229 alinuod
1022 4158 1049 4215 li.
1071 4155 1247 4227 llespiuabant
1271 4159 1360 4226 itaque
1380 4157 1513 4227 paululum
1533 4157 1560 4212 in
1573 4156 1656 4211 altera
1676 4152 1774 4209 steno

10 4246 43 4263 ·
56 4231 277 4300 Quamne
290 4231 471 4295 intervallum,
485 4230 606 4287 condetis
620 4231 750 4287 adsersus
760 4246 820 4286 euru
834 4233 935 4288 calmo-
988 4239 1063 4299 parte
1074 4243 1145 4284 verae
1156 4228 1217 4283 hdei
1231 4229 1359 4291 rubores,
1372 4229 1417 4298 qui
1430 4229 1479 4283 sub
1491 4225 1667 4284 Valentiniani
1677 4223 1777 4278 ditione

10 4292 129 4347 ἢ
139 4298 210 4368 344,
225 4302 363 4359 Censorini
375 4302 453 4371 iussu
472 4302 541 4373 apud
555 4299 743 4370 Carthaginem
765 4302 870 4359 erneisus
883 4310 934 4357 cst.
988 4308 1183 4356 remanserant.
1194 4300 1284 4369 Atqui
1300 4298 1436 4355 Censorini
1454 4299 1629 4368 subjacebant
1649 4295 1776 4364 irnperio,

10 4344 215 4433 Quae
225 4374 316 4430 omnia
336 4374 420 4429 uariis
432 4373 459 4427 in
473 4371 540 4429 locis
562 4372 596 4427 ab
609 4370 692 4428 idatio
715 4383 936 4438 mememorato,
989 4381 1107 4427 extrema
1120 4384 1233 4495 qunque
1252 4371 1432 4438 patiebantur,
1449 4381 1477 4424 ut
1490 4372 1534 4424 uis
1549 4368 1656 4438 (puidam
1672 4368 1704 4421 iis
1720 4374 1778 4419 tutu

10 4432 119 4485 Q
138 4454 205 4497 ‘uo
214 4443 330 4501 articulo
341 4442 511 4499 liarcellions
522 4458 614 4499 comes
631 4443 777 4513 eurteludit,
791 4446 824 4499 ad
836 4458 937 4499 annum
989 4443 1114 4513 anaphora
1143 4443 1235 4508 iceret,
1248 4450 1276 4496 ut
1289 4439 1375 4496 insius
1388 4450 1479 4496 narrat
1496 4440 1585 4496 lictor
1598 4436 1717 4494 ilitensis
1729 4436 1776 4491 lib.

14 4486 125 4553 .-
139 4509 213 4569 35.
226 4512 343 4585 Prosper
361 4528 426 4570 sero
446 4513 504 4583 ejus
523 4529 557 4569 ex
578 4513 704 4584 llispania
718 4514 745 4570 iri
761 4516 877 4571 siricam
891 4513 938 4569 ad·
992 4530 1019 4579 ι,
1034 4528 1108 4568 ιιιιιιι.
1123 4513 1148 4567 7.
1168 4510 1226 4566 lion
1240 4512 1328 4567 minus
1340 4512 1366 4566 in
1382 4526 1445 4566 suos
1462 4511 1548 4567 saniit
1560 4521 1703 4581 tyrannus,
1717 4522 1778 4562 cunr

12 4572 118 4645 ,Ψ
128 4592 261 4639 qutun
277 4584 412 4640 annalib
422 4584 571 4655 consignat.
587 4583 731 4640 Laudanda
743 4596 830 4640 autem
844 4585 940 4653 inipso
953 4560 977 4621 Ῑ)
991 4585 1134 4654 optimates
1146 4582 1275 4653 quosdam
1294 4596 1310 4638 e
1326 4582 1382 4639 suis
1396 4585 1457 4637 ritae
1470 4596 1525 4635 suas
1540 4580 1678 4635 insidiatos
1698 4578 1779 4633 luisse

20 4642 322 4711 bwrtsstnnn
337 4662 379 4712 est
393 4668 498 4711 simmia
520 4654 579 4725 eius
598 4655 625 4711 in
641 4654 825 4713 eorrscrranda
845 4657 938 4712 ortho-
994 4655 1177 4711 intellexisset.
1194 4653 1266 4718 imo,
1283 4661 1311 4706 ut
1330 4652 1443 4707 aliorum
1468 4652 1628 4721 prrererriret
1650 4657 1779 4715 conatus,

24 4702 101 4761 ί.
119 4736 229 4781 msa
241 4724 305 4781 lidai
319 4726 435 4797 puritate
452 4726 613 4791 constantia,
629 4725 663 4783 de
680 4742 732 4797 orta
746 4727 837 4783 i'iotor
849 4726 941 4782 lliteu·
992 4740 1060 4797 quos
1071 4725 1105 4780 44
1119 4723 1190 4779 idem
1201 4722 1366 4789 audendum,
1379 4722 1440 4777 data
1451 4723 1602 4787 oceoahme,
1617 4722 1781 4791 pronoslora

26 4864 30 4871 Ι
100 4782 248 4852 istis.
261 4810 281 4863 t,
294 4794 416 4862 nunr.li;
431 4796 501 4853 unde
514 4796 681 4853 occasionem
696 4806 867 4865 sumpserunt
878 4813 941 4853 riori·
992 4795 1186 4867 srrspicabatur,
1208 4794 1339 4864 plurimos
1361 4794 1443 4849 rariis
1458 4793 1596 4863 suppliciis
1611 4802 1720 4847 renatos
1740 4792 1780 4843 io·

34 4854 119 4905 ¹⁸
138 4864 221 4921 -rlll
233 4866 318 4935 ipsius
331 4879 430 4920 nomen
439 4867 467 4923 iu
481 4866 555 4923 lastis
566 4868 755 4923 ecelesiasticis
766 4868 940 4933 inscribendi,
994 4870 1081 4923 terimi
1091 4865 1180 4935 iussit.
1192 4865 1224 4919 Ει
1237 4874 1290 4917 torn
1302 4863 1399 4931 maltis,
1411 4862 1497 4935 iuquit
1509 4863 1623 4935 Prosper
1634 4862 1668 4917 ad
1681 4872 1780 4915 arturum

36 4926 113 4973 Ψ
132 4935 304 4993 uolutans
311 4943 337 4991 in
344 4936 487 4995 rtotohbad
497 4938 791 5007 VictoremlSsprocol.
799 4940 861 5007 488,
868 4956 894 4995 ιι.
903 4938 939 5009 s).
992 4938 1057 5002 lta,
1072 4951 1126 5005 rpuo
1136 4935 1262 4992 eonsules
1274 4945 1350 4990 cram
1361 4934 1503 4990 Dioscorus
1514 4943 1541 4989 et
1553 4932 1701 5001 Eudoxias,
1714 4932 1781 5003 repis

42 5048 140 5113 '—
190 5006 217 5063 4.
230 5008 299 5063 Cum
312 5016 402 5065 sulem
417 5008 475 5065 hato
490 5010 516 5063 in
531 5009 618 5065 hiriea
633 5018 660 5065 et
672 5007 761 5065 Sicilia
772 5021 938 5079 gererentur,
993 5009 1105 5080 suspicio
1124 5007 1202 5062 coitio
1216 5006 1275 5075 fnit,
1289 5016 1317 5059 us
1328 5007 1376 5061 hoc
1386 5007 1426 5078 soi
1439 5022 1501 5060 curo
1515 5003 1574 5076 plor
1588 5005 1680 5059 uirium
1690 5006 1782 5073 perule-

149 5070 321 5137 leodmtm
338 5078 483 5149 Augustus,
495 5089 649 5147 complorata
662 5079 763 5150 ingenti
781 5081 879 5147 classe,
893 5084 941 5137 ad·
992 5090 1030 5135 ret
1043 5094 1120 5151 mom
1131 5080 1154 5131 si
1171 5078 1236 5132 tetta
1249 5088 1420 5144 superaretur.

44 5136 248 5205 'enus
262 5147 399 5205 Vandalus
412 5147 512 5207 bellum
527 5150 622 5218 intonit,
638 5154 684 5205 sed
702 5150 801 5205 inleliei
813 5152 897 5217 exitu,
912 5160 943 5208 ut
999 5180 1008 5204 a
1030 5153 1057 5207 li.
1077 5147 1167 5205 Voluit
1191 5156 1280 5202 tannen
1302 5148 1400 5219 aliquid
1427 5146 1498 5219 apud
1522 5161 1612 5217 regern
1637 5147 1781 5205 barbarum

48 5190 271 5289 F⁵⁸·osper
281 5219 362 5275 reiert
372 5220 405 5277 sil
419 5234 519 5275 arinnru
531 5220 594 5286 444,
612 5235 666 5291 quo
676 5219 763 5290 Cyrus
772 5223 941 5279 cunsrulatum
995 5220 1173 5277 lateritiniani
1184 5218 1294 5289 hinguari
1310 5234 1419 5284 nrrrrtoa,
1433 5232 1486 5289 rpite
1500 5233 1596 5289 nempe
1611 5220 1778 5290 supplicante,

52 5276 273 5347 ‘Qubus
295 5288 443 5348 Artobtnda
457 5306 553 5361 nempe
567 5298 595 5344 et
611 5292 656 5345 alil
671 5291 763 5355 duces,
778 5308 846 5362 ortos
857 5294 942 5364 irripe·
994 5303 1024 5348 ut
1034 5293 1151 5362 loquitur
1168 5291 1258 5345 lictor
1273 5288 1387 5344 lliteusis
1407 5289 1454 5344 lib.
1470 5304 1495 5355 ι,
1511 5304 1585 5343 rium.
1603 5288 1631 5353 8,
1648 5290 1783 5360 Corthopi·

62 5360 760 5501 ¹»&bethsittimtltthlttl
775 5365 942 5503 illibi
995 5366 1067 5419 ”⁰²⁸⁵
1081 5360 1782 5487 Plitlislltltttltltl“stibinton

59 5478 224 5581 “tr—tin
235 5504 347 5573 sonunt.
360 5472 439 5585 'Quin
455 5510 483 5559 el
501 5448 560 5584 enati
576 5516 645 5557 atino
663 5449 801 5573 sinueris,
814 5450 942 5563 litigem
994 5450 1102 5561 {iffi
1124 5503 1250 5558 trerleeim
1267 5448 1406 5572 {instoriam
1415 5446 1619 5571 {nuntiatione
1634 5501 1694 5553 uari
1705 5507 1780 5553 retn-

66 5554 296 5629 P'thcetel
309 5570 606 5640 liudoxtoeonsulihus,
627 5573 868 5631 llurmisubhttila
881 5591 943 5648 rego
995 5586 1043 5631 sta
1065 5576 1204 5645 irrupnitns
1226 5575 1251 5627 iu
1277 5574 1399 5627 exsilium
1416 5573 1506 5641 panisus
1529 5572 1624 5627 irrorat.
1649 5568 1689 5623 sd
1714 5569 1783 5625 hane

79 5628 164 5685 1¹¹¹
199 5636 337 5707 Thraciam
350 5652 378 5701 et
392 5642 524 5717 ttipricun
537 5645 660 5714 ingressi,
676 5648 724 5701 bas
734 5647 883 5716 prouincias
896 5648 944 5704 do·
996 5647 1151 5718 dignitatem
1165 5654 1275 5700 euectus
1292 5656 1334 5699 est
1349 5643 1518 5713 tteogratias,
1534 5643 1574 5695 vir
1587 5642 1781 5707 sanctissimus,

87 5698 363 5785 popularentur,
377 5712 546 5771 noemmin
568 5719 714 5774 exereitum
734 5732 860 5775 reuocare
880 5734 943 5775 eoa·
997 5718 1202 5787 erriusegregias
1218 5716 1344 5778 uirtutes,
1360 5725 1386 5770 et
1402 5714 1570 5785 potissimum
1585 5724 1718 5777 sturmuapp
1737 5711 1784 5766 ad-

98 5766 220 5847 ²¹lla
231 5793 271 5847 est
281 5798 361 5859 anun
377 5782 554 5865 bulaodalas
567 5786 712 5849 direxero.
730 5792 769 5851 ho
785 5803 851 5851 reru
865 5788 944 5850 istam
997 5802 1090 5851 rursus
1103 5802 1151 5847 uns
1163 5788 1206 5859 nui
1222 5802 1253 5845 ox
1274 5786 1340 5843 turbo
1354 5785 1439 5843 homa
1453 5785 1480 5841 in
1497 5782 1613 5841 siricam
1626 5782 1726 5853 captiui
1738 5782 1785 5841 uls·
