3810 6254
108 247 161 306 air
746 241 990 301 uaisrotinuii
1008 243 1073 302 uio.
1093 243 1114 299 ι.
1677 249 1732 312 qq

107 358 329 432 sagacibusque
346 356 506 431 bicquoquo
519 356 640 413 cumulus
654 355 757 414 accedit
770 357 894 416 laudibus
906 368 934 422 Α
945 357 1048 415 cinctus
1062 356 1181 412 custodia
1196 371 1274 428 quana
1295 365 1427 428 potestate
1445 359 1606 430 discinctus,
1622 358 1738 437 raptui,

82 436 288 524 ’imperatoris
304 450 374 523 quod
390 449 580 520 amarepalam
596 450 658 505 licet
680 451 897 521 otcapitedam·
948 449 1148 518 destinatusque
1185 450 1307 518 pervenit
1339 451 1451 508 Bonnam
1476 469 1483 508 ε
1511 455 1584 512 ιΙΙιιο
1610 466 1731 528 tumenti,

109 554 196 602 nosos.
210 543 320 599 Amicus
334 541 435 598 bomini
451 541 499 611 iul,
514 556 593 611 supra
616 558 694 613 quam
710 558 814 598 morum
837 543 897 613 eius
947 541 1019 612 quod
1052 555 1181 611 prospero
1215 556 1294 597 cursu
1322 542 1501 614 procellosum
1531 546 1635 605 'lusciae
1659 534 1774 607 littus*

107 634 221 691 pepp„
250 634 420 703 varietasque
453 633 633 702 patiebantur.
668 632 792 689 Testatur
825 633 895 705 lior,
947 631 1135 701 enavigasset,
1172 640 1297 701 tanquam
1341 634 1391 689 sibi
1428 635 1495 691 bene
1530 640 1638 695 conscio
1676 641 1733 713 ipsa

107 735 217 798 propter
230 725 318 795 ipsum
333 723 399 778 milii
414 737 499 792 nuper
512 722 611 778 invidia
626 723 751 788 condato,
766 723 842 792 cujus
852 738 897 778 mo
947 722 1146 793 quodammodo
1169 724 1303 780 elementa
1325 725 1524 783 famularentur.
1552 729 1580 785 ln
1603 730 1733 802 Capitolio

108 815 187 887 patilo
211 814 383 870 incautiorem
407 812 513 867 tiamma
537 813 677 868 detorruit.
701 813 754 869 Sed
776 814 847 884 quod
868 814 894 869 ln
947 815 1147 871 custodiebatur
1169 814 1204 869 ali
1225 813 1357 885 bospite·
1379 817 1470 874 Blasio
1495 822 1603 887 Asello,
1635 826 1733 881 comite

107 906 225 963 anilcitia
243 907 317 971 steti,
333 904 398 960 mibi
420 904 511 960 debui.
535 904 617 960 Porro
638 913 728 961 autem
751 905 777 959 lu
802 914 894 960 natura
946 920 1083 961 sacrarunt
1100 905 1280 975 largitionum,
1295 907 1339 976 qui
1354 907 1440 963 adliue
1464 911 1489 964 ln
1509 926 1541 967 eo
1557 914 1733 972 semifuman-

108 996 154 1054 llle
167 1011 220 1052 non
235 996 326 1063 imbuit
336 995 500 1065 diligentiam
515 995 721 1067 perseverandi:
733 995 816 1052 libore
829 1011 894 1066 que·
947 1003 1000 1050 tem
1022 995 1186 1064 proiecturae
1199 1010 1283 1065 nuper
1294 1004 1405 1052 extortae
1416 999 1568 1068 dignitatem
1584 1008 1733 1062 voiieraba·

107 1103 163 1157 ror,
179 1104 233 1144 nun
257 1088 426 1143 insultatorie
439 1104 447 1141 z
461 1087 521 1157 quia
538 1087 655 1142 fidolium
675 1086 786 1143 consilia
804 1086 895 1157 despi·
946 1094 1000 1141 tur.
1017 1087 1118 1141 interea
1134 1086 1213 1154 legati
1226 1087 1367 1156 proiliiciae
1374 1087 1467 1145 Gallico
1481 1091 1627 1150 Tonantius
1641 1095 1655 1135 b
1667 1097 1732 1154 Fer-

108 1179 192 1245 ciens,
216 1180 330 1234 lortunae
350 1177 493 1233 ludibrium
516 1193 564 1248 per
578 1177 666 1232 omnia
682 1177 731 1233 luit
750 1195 757 1231 ε
778 1179 895 1247 deniquo
946 1178 1039 1233 reolus
1053 1177 1247 1247 qiraeiectorius,
1264 1187 1276 1216 ι
1292 1178 1392 1234 Αιιιιιι
1403 1179 1508 1252 Syagrii
1521 1185 1663 1242 consulise
1679 1187 1732 1245 lilia

109 1285 161 1327 non
175 1284 237 1327 eum
251 1267 394 1340 aliquando
414 1267 553 1332 cecidisse.
578 1268 623 1324 sod
647 1276 701 1323 ιιιι
723 1267 769 1323 diu
787 1269 895 1324 stetisse
946 1283 1043 1339 nepos,
1059 1266 1072 1305 ἃ
1088 1269 1264 1325 Thaumastus
1277 1282 1420 1341 quoquest
1444 1274 1596 1345 Petronius,
1617 1280 1733 1336 maxima

109 1362 168 1433 plus
191 1363 285 1417 miror.
302 1359 326 1416 0
339 1359 442 1431 quoties
457 1374 528 1428 sape
546 1360 601 1429 ipse
616 1374 646 1415 se
659 1359 770 1415 adversa
784 1374 895 1431 perpes·
945 1374 1037 1415 reruni
1053 1361 1253 1430 verborumque
1268 1362 1379 1417 scientia
1396 1365 1512 1434 praediti,
1534 1377 1562 1424 et
1576 1368 1645 1425 inter
1659 1373 1732 1441 prin·

108 1469 166 1511 sum
179 1452 358 1524 gloriabatur!
380 1465 441 1507 cum
456 1460 544 1506 tamen
558 1466 607 1506 nos
627 1450 661 1505 ab
674 1450 770 1507 aflectu
785 1451 894 1521 prolun·
945 1450 1041 1520 cipalia
1058 1451 1149 1520 patriae
1175 1461 1274 1507 nostiae
1287 1452 1383 1510 decora
1399 1456 1526 1525 ponendi,
1541 1461 1668 1529 previum
1682 1463 1733 1517 Ar·

108 1545 184 1602 dioro
198 1545 327 1601 ruituram
340 1542 398 1613 ejus
412 1541 573 1614 quaudoque
584 1542 760 1597 temeritatem
781 1541 893 1598 misera·
944 1545 1060 1599 vandum
1076 1544 1183 1613 publico
1198 1545 1307 1601 nouiiue
1319 1548 1469 1602 accusaturi
1487 1561 1498 1588 ⁰
1519 1566 1581 1608 cum
1595 1559 1733 1627 gestisdo·

108 1654 207 1706 remur,
220 1637 440 1694 deliiiientesnon
451 1649 512 1692 esso
524 1632 638 1700 leiieem,
651 1634 696 1704 qui
709 1634 759 1689 iioo
771 1634 893 1704 irequeu·
945 1636 1089 1692 cretaiibus
1109 1635 1294 1706 insequuntur.
1318 1638 1368 1705 Qui
1391 1640 1460 1696 iuter
1483 1651 1581 1700 caetera
1595 1661 1653 1718 quoe
1681 1651 1733 1707 sibi

27 1736 30 1740 ·
108 1739 148 1786 ter
170 1731 259 1801 potius
282 1743 361 1795 esse,
388 1742 466 1797 quain
494 1741 600 1797 semper
625 1725 803 1795 judicaretur.
840 1725 1732 1806 Sed13provincialesagendamandaveraiit‚interreptaslitteras

108 1821 309 1894 gubernationis
327 1834 383 1876 suae
398 1820 520 1876 ordinem
534 1819 667 1889 exposcis.
685 1817 764 1873 Salsa
779 1817 840 1874 iudei
854 1833 895 1874 re·
947 1817 1113 1884 deferebant,
1130 1833 1196 1889 (issi-i
1208 1819 1323 1874 Arvandi
1341 1821 1576 1896 scribacorroptus
1595 1829 1732 1889 d⁰mi⁰¹1ffi

108 1915 225 1971 remotis
252 1928 311 1983 quac
342 1913 427 1968 amico
457 1913 537 1967 etiam
567 1910 667 1966 aillictn
691 1909 814 1974 deletur,
830 1924 893 1964 rem
947 1909 1063 1966 dictasse
1088 1909 1271 1979 profitebatur.
1296 1911 1359 1969 llaec
1385 1913 1418 1968 ad
1439 1912 1449 1952 f
1470 1931 1560 1987 regem
1584 1920 1731 1981 Gotboruui

107 2005 223 2063 breviter
236 2019 379 2076 exponant.
402 2001 592 2060 l‘raeieoturam
612 2002 724 2072 primam
737 2002 894 2073 gubernavit
946 1998 1037 2055 charta
1052 2000 1191 2055 videbatur
1206 2000 1303 2065 emitti,
1319 2016 1412 2071 pacem
1424 2019 1484 2061 cuni
1506 2009 1600 2066 Graeco
1620 2013 1732 2084 impera·

107 2117 166 2158 Μ,
194 2113 289 2170 mgna
316 2097 515 2169 popularum,
541 2107 804 2166 consequentemque
833 2109 892 2150 cuni
947 2099 1004 2148 tore
1017 2091 1186 2160 dissuadens,
1204 2092 1370 2148 sBrltannos
1384 2109 1465 2166 super
1479 2098 1673 2168 Ligerimsitos
1685 2107 1733 2163 in-

107 2193 220 2250 maxima
243 2190 426 2262 populatione.
450 2190 555 2246 Pariter
578 2203 660 2244 onere
674 2189 825 2259 ,depressus
842 2187 893 2261 16
946 2182 1059 2252 publilii
1074 2190 1200 2252 0li0i¹0¹⁰
1213 2182 1440 2252 d0ffl⁰¹¹⁵¹f³¹¹⁸i¹¹
1462 2204 1522 2245 ⁰¹¹¹ss
1538 2192 1732 2265 Buriiidffffllff·

109 2286 169 2339 eris
182 2283 275 2348 alicui,
290 2290 363 2338 metu
378 2281 540 2338 creditorum
556 2295 730 2337 successuros
751 2281 802 2336 silil
823 2282 893 2350 opti.
945 2271 1064 2340 bullire
1077 2272 1194 2342 semiim
1207 2272 1305 2329 Gauiis
1316 2275 1397 2331 dividi
1414 2277 1511 2336 debili
1521 2285 1694 2356 ⁰⁰¹¹fl¹m³¹¹⁸i
1704 2301 1732 2347 ⁶²

107 2384 190 2431 rsates
228 2371 413 2429 emulabatur.
457 2370 582 2427 Omnium
614 2372 744 2441 colloquia
786 2371 893 2440 ridere,
945 2366 972 2421 in
997 2367 1070 2422 launo
1093 2367 1299 2424 ierinomodum
1324 2372 1438 2442 plurima
1463 2375 1641 2451 insanaque
1664 2383 1731 2440 iram

105 2466 215 2526 consilia
230 2465 334 2533 rimari,
355 2465 442 2522 olicis
465 2473 650 2531 contemnere,
665 2465 720 2535 pati
743 2463 778 2519 de
800 2479 894 2519 occur·
945 2458 1002 2529 regi
1017 2458 1108 2522 leroci,
1126 2457 1232 2527 placido
1245 2463 1575 2526 verecundiaminierraut
1593 2471 1733 2547 llancopi·

105 2571 209 2615 mmm
237 2556 348 2612 mmm
373 2555 573 2626 suspicionem,
605 2556 639 2611 ge
673 2555 830 2610 assiguqffle
855 2554 894 2609 qa.
945 2550 1041 2606 stolam
1065 2549 1138 2605 iaeste
1154 2553 1205 2621 17
1217 2552 1363 2621 majestatis
1386 2557 1497 2614 crimine
1509 2559 1634 2619 ardenter
1652 2565 1723 2634 iuris

104 2650 211 2708 uidiuin
225 2666 234 2705 ι
248 2648 336 2706 donec
353 2647 406 2706 odii
421 2647 519 2718 publici
543 2648 614 2704 mole
635 2647 761 2714 vallatus,
779 2658 806 2704 et
820 2648 894 2718 prius
949 2645 1063 2701 consulti
1084 2643 1339 2716 interpretabantur.
1352 2646 1393 2703 lle
1408 2659 1436 2705 et
1451 2650 1459 2687 l
1476 2652 1637 2722 duranium,
1661 2671 1732 2727 prae-

105 2824 134 2874 et
145 2814 238 2886 judieii
249 2828 301 2885 qao
315 2812 464 2882 majesiaits
478 2813 570 2868 Bumae
585 2811 726 2867 damnatus
737 2819 779 2867 est
792 2811 827 2866 ab
838 2810 896 2865 An·
948 2814 1006 2873 nat,
1030 2803 1092 2874 quia
1112 2804 1236 2860 Pontium
1258 2807 1375 2862 Atticum
1387 2822 1435 2877 per
1447 2823 1478 2865 ea
1501 2819 1619 2878 tempora
1645 2816 1730 2873 virum

108 2886 229 2949 tbemio,
246 2884 392 2942 meminere
409 2892 513 2939 veteres
536 2883 656 2953 plerique
681 2880 894 2952 clironngrapbi,
947 2875 1325 2959 clarissimumle'gerstscum
1341 2888 1428 2960 tamen
1442 2893 1475 2960 ιι
1489 2880 1576 2961 lapide
1588 2887 1729 2955 sepulcrali

107 2958 156 3013 sed
170 2956 278 3012 norniue
290 2953 462 3024 interpolato.
476 2953 668 3017 Cassiodorus,
684 2969 799 3022 cunique
811 2954 903 3015 secuti⁴
947 2961 993 3016 qui
1008 2945 1100 3000 Rornae
1112 2955 1221 3027 visitur,
1241 2957 1344 3028 eertum
1363 2955 1399 3002 sit
1419 2948 1499 3003 Attici
1521 2950 1600 3020 hujus
1614 2960 1732 3014 consulis

104 3028 240 3084 “ananus
253 3032 280 3081 et
298 3024 466 3081 ilermaunus
485 3024 656 3079 Aravundum
672 3032 777 3080 vocant.
799 3023 895 3077 Paulus
946 3029 1094 3099 cognomen
1106 3014 1226 3098 Nonium·
1236 3015 1328 3084 luisse,
1343 3032 1396 3073 uon
1412 3017 1544 3076 Pontium.
1556 3022 1601 3078 Sic
1615 3034 1641 3080 et
1651 3025 1730 3082 llari·

106 3097 236 3156 diaeonus
250 3094 432 3161 Servandumq
454 3109 508 3164 quo
528 3095 609 3150 etlam
624 3095 703 3149 modo
725 3093 892 3163 sigebertus,
946 3102 1032 3148 niani.
1042 3084 1227 3154 Asclepiodoti
1241 3087 1361 3169 collega,
1373 3090 1480 3143 numina
1490 3092 1664 3162 concinnans,
1677 3096 1732 3152 llu-

107 3169 189 3235 Btbo,
204 3166 341 3224 conradus
349 3164 433 3222 oblias
445 3176 472 3221 ot
483 3165 528 3220 alii
542 3181 549 3218 ι
565 3180 657 3221 verum
669 3180 764 3221 numen
780 3179 841 3219 cuin
853 3164 895 3219 in·
947 3157 1010 3211 ilum
1022 3155 1211 3211 Praeietititlm
1236 3156 1411 3213 Uelleianum
1427 3160 1503 3215 linxit
1522 3177 1569 3229 pro
1593 3164 1633 3220 tt.
1653 3168 1731 3223 Arito

109 3245 183 3310 tegra
198 3238 307 3293 bistoria
321 3234 432 3294 Sidonio
443 3235 564 3290 deletur.
888 3250 892 3259 ·
946 3226 1106 3289 blariniaum
1130 3236 1158 3281 ut
1179 3228 1206 3282 in
1225 3227 1277 3282 aiio
1299 3242 1435 3285 marmore
1455 3233 1618 3299 appellatur:
1638 3244 1665 3291 et
1682 3253 1731 3306 pru
1796 3256 1799 3263 ·
1836 3282 1839 3291 ,

145 3317 159 3347 ·
174 3308 225 3378 Qui
239 3308 266 3364 in
276 3308 383 3377 antiqua
395 3306 567 3375 inscriptione
580 3305 620 3360 Fl.
635 3304 768 3375 Eugenius
781 3305 894 3360 Asellus.
946 3298 1074 3353 Petronio
1084 3296 1315 3380 llaximolsidunnli
1327 3299 1424 3365 nostri,
1439 3302 1560 3356 Anicium
1576 3303 1729 3363 llarimum.

109 3379 165 3439 ttae
188 3390 308 3449 tempore
329 3392 421 3434 comes
441 3386 499 3433 orat
516 3377 685 3446 largitionum
702 3393 710 3430 ι
726 3376 895 3445 postmodum
948 3368 1101 3449 Eodemque
1116 3368 1231 3450 modom
1246 3369 1305 3422 aliis
1318 3370 1510 3437 compluribus,
1535 3373 1586 3444 16
1606 3391 1672 3444 quos
1688 3379 1731 3434 bic

165 3450 253 3505 lectus
268 3449 333 3506 Urbi
347 3447 415 3511 luit.
429 3448 455 3503 ιι
469 3462 555 3516 eoque
568 3449 723 3517 magistratu
738 3447 764 3502 in
785 3447 893 3501 basilica
949 3453 1073 3519 persequi
1088 3440 1229 3492 eonsilium
1249 3453 1302 3495 non
1318 3448 1369 3495 est.
1383 3440 1420 3495 Be
1432 3439 1542 3512 Syagrio
1557 3452 1645 3501 autom
1658 3447 1732 3504 dice-

132 3519 236 3577 .Pauii
259 3534 314 3576 arto
336 3519 459 3575 maxima*
483 3518 584 3574 tiioium
607 3533 668 3572 curu
692 3517 822 3586 quadrato
843 3516 895 3570 cir·
950 3506 1188 3564 turaditbrumu.
1269 3580 1274 3591 .
1327 3578 1334 3591 ,

109 3607 169 3648 ιιι
190 3605 264 3648 amni
284 3588 390 3646 exedrae
410 3587 512 3644 ambitu
529 3589 671 3655 reparavit.
689 3587 808 3642 llidimus
827 3586 905 3655 ipsi,·
986 3575 1000 3615 ‘¹
1015 3578 1178 3660 Tliauinasto
1188 3578 1350 3662 Apollinaris
1366 3579 1440 3636 tratri
1453 3582 1596 3639 scribltliB.
1610 3601 1636 3650 v,
1650 3588 1727 3659 epist.

109 3676 169 3719 cum
183 3676 253 3731 opus
270 3660 357 3717 adbuc
375 3668 491 3716 restaret
508 3660 596 3727 (nunc
609 3658 679 3712 enim
695 3673 816 3713 eversum
831 3657 895 3727 est),
948 3651 976 3718 6,
987 3648 1114 3703 Petronio
1132 3648 1294 3717 Arelatensi,
1307 3659 1336 3704 ut
1350 3666 1422 3720 reor,
1435 3651 1625 3720 iurisconsulto
1639 3657 1685 3713 lib.
1702 3676 1731 3729 u,

108 3733 246 3803 subjectas
266 3730 459 3816 porphyreticis
472 3730 604 3785 columnis
620 3728 695 3784 bases
716 3743 895 3795 marmoreas,
940 3735 964 3774 u
979 3726 1005 3775 et
1021 3734 1076 3773 viii.
1155 3787 1161 3800 .
1199 3788 1205 3802 .
1236 3789 1241 3801 ⁹
1778 3789 1783 3797 Ι

110 3812 190 3871 atique
202 3804 230 3861 iu
245 3803 288 3859 liis
301 3804 377 3858 binas
386 3801 420 3857 ad
433 3808 574 3870 utrumque
584 3799 684 3855 aditum
698 3797 741 3855 bis
755 3798 844 3854 verbis
856 3795 897 3853 iii-
963 3857 969 3870 ,
985 3788 1287 3870 ‘Qlffllzf‘ilfflctilfflm
1301 3788 1436 3872 decretum
1449 3791 1482 3848 (lo
1493 3794 1609 3851 Arvandi
1620 3812 1730 3855 accusa·

109 3873 235 3944 missas,
950 3867 1025 3915 nouo
1038 3857 1304 3940 contmeBantzqund
1315 3858 1382 3915 inira
1397 3862 1556 3928 provinciale
1566 3867 1728 3935 mandatum,

299 3942 352 4002 pq„
372 3939 541 4000 guqqqqtqus
560 3938 713 3997 gsssqgus
949 3929 1045 3999 pagius
1056 3928 1198 3985 decretalis
1212 3927 1344 3985 dicituriu
1359 3931 1487 3986 concione
1501 3933 1669 3991 Bituricensl.
1682 3940 1730 3995 Le·

345 4012 386 4070 q·
398 4013 429 4068 c,
449 4011 563 4069 PBAEB.
585 4011 665 4068 upsss
968 4000 1003 4053 ati
1025 3999 1097 4052 eiiiru
1120 3998 1177 4074 sirie
1192 3998 1308 4054 civitatis
1327 4011 1373 4054 aut
1392 4001 1534 4068 provincie
1552 4019 1632 4073 aqua
1656 4009 1731 4064 missi

332 4082 365 4140 v,
386 4084 415 4142 s,
435 4083 456 4138 ι,
474 4081 681 4138 pgpggqup,
951 4078 1059 4195 ΤιΙιιιὲιι
1073 4067 1173 4193 ddecrleti
1189 4069 1286 4147 tabulis
1308 4084 1362 4124 uon
1376 4070 1562 4127 audiebantur.
1576 4073 1608 4129 la.
1622 4091 1652 4141 ii,
1668 4078 1730 4134 cod.

985 4151 1026 4194 teo
1049 4179 1069 4207 .,
1101 4146 1232 4207 cogatis.

145 4216 323 4277 termetis
333 4215 422 4274 luerat
435 4215 553 4289 pretorii
564 4215 721 4274 Galliarum.
738 4211 767 4271 ln
779 4211 898 4271 carmine
989 4208 999 4248 i
1016 4208 1153 4272 buricum,
1169 4207 1214 4278 qui
1230 4208 1396 4266 'llieodorleo
1409 4211 1496 4280 iratri,
1509 4212 1542 4268 de
1556 4229 1609 4286 quo
1620 4216 1698 4286 epist.
1714 4219 1733 4274 Ξ

108 4288 321 4363 Propempticon:
951 4280 1063 4344 dictum,
1084 4290 1252 4335 successerat
1270 4288 1331 4335 auto
1355 4281 1499 4339 biennium.
1514 4283 1623 4340 Graccus
1644 4298 1731 4344 autom

170 4382 219 4435 m,
227 4381 293 4433 Μ
306 4380 418 4432 imme,
435 4385 529 4444 ,mm
540 4379 643 4431 pomp,
952 4351 1097 4421 imperator
1106 4365 1219 4421 quacum
1230 4364 1321 4420 paoem
1333 4351 1390 4407 lieri
1402 4354 1508 4408 iiolotiat
1517 4354 1670 4423 Arvandus,
1679 4374 1732 4414 non

171 4442 303 4495 geum
312 4442 475 4507 wqumgnque
484 4441 625 4503 galustum,
646 4418 654 4440 ’
953 4432 994 4477 est
1007 4421 1072 4486 Leo,
1083 4423 1129 4490 qul
1145 4424 1234 4489 procul
1249 4420 1371 4477 attritus
1382 4424 1407 4476 in
1418 4425 1527 4479 lirleuie
1536 4426 1675 4496 regnabat,
1684 4430 1732 4486 sed

171 4503 403 4559 PnseiForreolum
418 4517 501 4569 parem
513 4504 607 4568 Ssagrl.
712 4500 715 4506 '
912 4484 1121 4557 DAntliemius,
1147 4491 1191 4558 qui
1207 4490 1318 4547 Bonnam
1330 4509 1345 4548 e
1358 4492 1460 4549 Graecia
1480 4506 1599 4561 venerat,
1619 4497 1733 4569 ideoque

57 4573 64 4583 ·
951 4563 984 4616 ali
999 4563 1123 4617 Arvando
1137 4561 1246 4617 Graecus
1260 4564 1324 4630 imp.
1342 4577 1388 4630 per
1401 4564 1543 4620 ludibrium
1564 4575 1688 4637 vocatur,
1704 4578 1733 4625 ut

108 4634 166 4691 θαι
178 4633 212 4689 de
222 4632 351 4689 Ferreolo
363 4630 466 4688 Sidonii
476 4629 556 4685 aliine
568 4627 683 4697 pluraad
699 4626 838 4696 epistolam
853 4625 897 4694 lb,
951 4648 965 4688 a
980 4632 1113 4688 Ricimere
1137 4632 1230 4689 Galata
1247 4644 1274 4688 et
1287 4634 1425 4689 Breculus
1442 4635 1510 4703 apud
1533 4636 1682 4694 Bnnodiuui
1704 4642 1731 4698 in

108 4705 159 4763 lili.
174 4719 221 4760 ιιι.
236 4701 388 4760 lluncsatls
399 4702 433 4757 sit
447 4713 556 4756 mouere
570 4699 626 4755 lalli
640 4712 687 4754 eos
702 4698 748 4769 qui
773 4697 824 4754 ιιιι
839 4698 899 4753 loco
950 4704 1108 4773 Epiphanio.

110 4775 274 4832 Tenendum
293 4787 308 4827 a
326 4772 455 4827 Ferreolo
468 4772 645 4839 distinguunt,
661 4769 737 4835 quasi
758 4768 810 4823 duo
825 4769 897 4835 sint,
986 4783 998 4820 t
1013 4772 1221 4828 Aruioricos.lle
1233 4773 1292 4843 quis
1303 4774 1335 4828 do
1347 4774 1481 4830 Britannia
1495 4775 1579 4833 insula
1592 4779 1731 4848 cogitaret,

108 4838 898 4911 cumunicussitllerreoluspraenominelouautius:sicut
949 4853 1040 4898 notam
1067 4843 1165 4909 ailjectt
1194 4859 1245 4911 qua
1271 4845 1393 4899 linitores
1426 4845 1541 4903 Gallicos
1572 4847 1732 4918 designavit.

110 4916 239 4973 Airanius
253 4914 381 4986 syagrius
395 4928 448 4967 nnn
460 4912 584 4977 duorum,
596 4912 643 4967 sed
657 4913 737 4965 unlus
751 4918 793 4965 est
806 4909 898 4980 appel·
950 4913 1131 4979 llurum‚oum
1144 4913 1282 4984 scripserit
1293 4913 1428 4981 sidonius,
1440 4933 1485 4973 rex
1499 4918 1548 4972 luit
1562 4917 1731 4988 Biotliimus,

109 4986 188 5044 tauu.
200 4985 307 5055 Alioqui
317 4996 431 5053 quatuor
444 4983 479 5038 ab
489 4997 541 5038 una
558 4981 692 5052 prouincia
706 4980 784 5050 legati
796 4988 894 5048 essent,
951 4983 975 5038 is
987 4999 1066 5054 quem
1080 4985 1202 5048 Alaricus,
1214 4992 1244 5038 ut
1254 4984 1402 5041 lornandes
1412 4985 1440 5040 iii
1451 4988 1549 5042 Geticis
1563 4998 1664 5056 narrat,
1675 4992 1733 5045 An·

110 5071 175 5113 ιιιι
188 5056 280 5124 plures
293 5070 373 5126 quarn
389 5063 480 5111 teritos
492 5053 560 5108 mitti
575 5055 647 5122 leges
660 5059 759 5130 vetent.
952 5054 1052 5109 tliemio
1064 5059 1132 5125 Aug.
1146 5055 1280 5124 suppetias
1295 5055 1426 5111 lorentem
1446 5056 1479 5111 ad
1500 5057 1630 5115 Bituricus
1643 5061 1735 5131 protil-

151 5125 286 5196 ‘Spagrii
308 5127 476 5181 consulatum
502 5138 580 5195 quom
603 5121 730 5177 Gratiano
750 5130 898 5190 imperanto
950 5125 1032 5193 gavit.

111 5212 176 5255 ιιι
198 5196 422 5266 Antoniogesslt,
442 5193 504 5250 iasii
519 5207 611 5249 ouines
624 5192 782 5260 loquuntur,
795 5189 897 5246 Airanii
988 5191 1051 5250 hllt
1062 5193 1180 5248 Britanni
1198 5195 1226 5248 in
1246 5196 1403 5263 Armoricis,
1422 5198 1461 5252 sic
1484 5198 1687 5268 Burgundiones
1706 5203 1734 5259 in

110 5272 354 5340 memorianus
373 5265 452 5320 babet
471 5263 605 5320 Sldonius.
630 5261 705 5329 Quod
720 5276 782 5316 vero
803 5262 897 5315 l'ostu·
952 5263 1082 5333 Sequanis
1094 5271 1120 5318 et
1134 5263 1254 5320 tinitimis
1271 5266 1366 5321 Galliae
1384 5268 1488 5337 pupulis
1508 5269 1587 5326 sodes
1608 5270 1733 5329 ilaerant.

111 5352 189 5395 main
209 5336 350 5407 Syagrium
365 5335 390 5389 in
406 5334 606 5390 commentariis
621 5334 677 5387 suis
696 5331 811 5400 appellat
826 5331 899 5386 linu·
951 5334 1007 5391 ilex
1023 5344 1112 5389 autem
1127 5335 1231 5390 illorum
1243 5335 1294 5390 buc
1308 5344 1429 5405 teuipore
1442 5336 1612 5408 Gundeucus‚
1628 5344 1733 5412 opinor,

104 5407 199 5477 'itiot,
215 5420 264 5462 sito
289 5406 415 5461 nimirum
430 5419 504 5460 inore
517 5402 595 5469 iacit,
622 5417 674 5473 quo
698 5404 768 5457 solet
781 5403 821 5456 tir
835 5401 897 5457 dili·
953 5418 1001 5459 seu
1014 5404 1187 5471 Gunduicius,
1200 5406 1366 5462 Giuidobaldi
1382 5416 1409 5461 ot
1421 5407 1531 5465 iratrum
1546 5425 1654 5480 pareus.

110 5478 299 5551 genttsslmus,
327 5477 437 5530 nomina
459 5489 518 5542 quoa
541 5473 625 5528 semol
650 5474 676 5527 iii
702 5485 755 5526 uno
774 5473 899 5542 quopiam
990 5473 997 5511 i
1015 5475 1187 5530 Praeleciorio
1199 5486 1374 5544 patronatum
1386 5477 1502 5534 Arvandi
1517 5480 1734 5536 verbismordo·

111 5548 257 5620 eiiojuncta
276 5547 438 5609 meminerit,
456 5545 482 5599 in
494 5544 617 5598 munibus
637 5544 763 5610 copulare
777 5558 843 5611 quos
857 5557 900 5598 oo
951 5545 1031 5599 cebit.
1056 5544 1108 5600 Sed
1128 5548 1263 5601 Auxanius
1282 5548 1309 5601 iu
1325 5544 1408 5602 Gallia
1426 5556 1523 5617 praeter
1538 5549 1607 5603 bunc
1619 5550 1735 5619 incisuros

112 5614 624 5688 rumsliqunallectosridet.Siccniiii
653 5614 900 5681 ostaliquotaiinus
950 5614 1018 5669 duos
1033 5615 1126 5671 eadem
1142 5625 1206 5670 aetas
1218 5616 1319 5673 babuit.
1338 5619 1423 5673 Unum
1436 5620 1598 5689 episcopum.
1614 5621 1658 5687 qui
1673 5633 1734 5674 oum

111 5691 232 5756 Atticum
242 5687 288 5756 qui
299 5687 402 5758 collega
423 5685 473 5740 luit
487 5683 607 5751 Caesarii,
624 5629 747 5741 lfuiiuuni
763 5685 900 5756 cognomi·
950 5684 1050 5740 Fausto
1075 5685 1184 5745 liciensi
1203 5688 1318 5745 Romam
1341 5689 1376 5744 de
1401 5687 1534 5744 lleruiotis
1557 5687 1740 5752 Narbonensis

233 5777 370 5841 Parnes.
393 5773 499 5837 tt'llt.
1483 5774 1525 5839 tt
