3810 6254
109 416 270 479 erarsldis
292 409 513 492 espsdltionem‚'

109 517 148 568 ιιι
165 509 288 567 uictricia
309 523 397 569 castra
418 514 564 582 praeteribit

108 600 216 672 incipis,
236 610 264 656 et
282 601 496 671 perambulatum
559 636 562 644 ν

108 709 122 752 ι
140 694 290 765 legionibus
302 693 443 766 Niphatem
458 716 465 751 :

109 802 158 843 rum
178 787 290 844 lulrnino
309 798 404 860 captus
424 789 580 862 imperator,

109 878 255 934 itlminibus
275 895 367 950 parem
386 883 513 954 peregitl

109 971 258 1038 usisibus,
281 971 363 1039 orbe,
384 988 448 1029 rure
468 974 592 1046 pollens,

109 1063 173 1132 soti,
194 1065 259 1119 milri
280 1064 368 1135 gignis
386 1067 457 1124 alme
477 1077 596 1140 patrem,

109 1156 149 1210 cui
167 1156 243 1211 nitidi
263 1157 349 1224 sales,
370 1157 496 1232 rigorque

109 1262 129 1302 rs
148 1246 199 1302 luit
214 1247 303 1304 Attico
323 1248 350 1304 iu
370 1248 472 1320 lepore.

110 1339 201 1396 ilssius
221 1353 248 1395 et
262 1340 361 1398 'lbales
381 1350 491 1412 stupere

109 1449 119 1486 ι
139 1433 241 1503 potuit,
262 1433 396 1503 simulque
414 1434 501 1491 Lindi
514 1445 554 1493 est

109 1523 135 1578 ui
150 1521 295 1581 Cleobulus
317 1523 389 1581 inter
411 1541 502 1597 arcos,

109 1618 151 1690 gui
166 1616 314 1674 Periandro
331 1618 366 1675 de
385 1618 516 1676 Corintho
536 1635 580 1687 es,

110 1728 191 1784 quern
212 1710 323 1769 dederat
339 1712 401 1770 Bias
422 1712 537 1781 Priene,

109 1807 198 1865 Ιῑιιιιι
215 1807 327 1865 lesbius
347 1807 499 1878 sophistes,

109 1903 151 1973 gui
172 1901 274 1958 tetricis
292 1911 389 1973 potens
405 1900 520 1958 Athenis

109 1992 250 2051 locraticas
263 1992 348 2049 Solon
366 1992 519 2063 palaestras,

109 2084 232 2156 pedareis
251 2093 326 2139 satus
341 2081 491 2152 Therapnis

123 2174 235 2246 legifero
252 2175 325 2245 prior
338 2173 473 2247 Lycurgo.

109 2265 154 2321 ιιι
176 2265 275 2329 ιοΙιίι,
298 2274 410 2320 vacante
429 2277 509 2332 cura,

109 2373 112 2411 ;
130 2357 265 2413 sideribus
284 2364 378 2411 notare
396 2368 508 2422 cursus,

109 2453 211 2506 tArato
229 2450 287 2505 vias
304 2448 433 2505 cucurrit.

109 2556 140 2597 ιιι
160 2556 221 2597 cum
243 2540 421 2611 geometricas
440 2541 473 2596 ad
494 2550 567 2598 artes

128 2633 293 2701 composuit,
316 2633 392 2704 aequi
412 2633 519 2689 valebat

109 2725 252 2796 tapetium
274 2727 363 2783 sciens
382 2726 494 2799 olympi.

109 2834 159 2889 oo,
181 2821 205 2877 si
227 2819 311 2877 voluit
329 2830 421 2878 rotare
440 2822 597 2895 rhythmos,

109 2926 140 2968 m
161 2913 297 2983 proposito
315 2914 399 2969 virum
418 2917 518 2971 morari
538 2969 542 2976 .

109 3017 155 3074 pus
177 3005 309 3075 potuisset
329 3022 363 3061 ex
383 3021 491 3063 acervo.

109 3097 304 3166 tAmpbionim
323 3099 448 3171 studebat
465 3100 535 3169 arti,

109 3189 243 3260 ,pollice,
262 3207 343 3257 uoce,
363 3192 497 3262 tibiaque,

729 312 894 383 clastris.

797 431 823 489 A
836 429 951 490 Causam
969 447 1017 493 sao
1031 435 1216 511 Ctesiphontis
1233 443 1375 514 astam,

843 521 889 576 Vir
908 537 1014 594 semper
1034 529 1212 598 popularitate
1230 528 1373 601 crescens,

840 611 875 667 Et
888 613 960 683 iusto
974 617 1095 675 residens
1112 623 1139 676 in
1159 636 1222 680 aree
1241 624 1332 693 laudi,

839 704 890 772 Qui
910 707 985 764 labro
1005 712 1126 782 genitore
1145 728 1313 786 procreatus,

839 797 900 853 Oris
918 802 1011 858 maluit
1030 807 1150 876 expolire
1166 809 1269 865 limam.

839 889 908 956 Quid
930 907 977 949 vos
994 894 1093 966 eloquii
1114 912 1208 955 canam
1223 900 1311 957 Latird

838 980 971 1053 Arpinas,
991 985 1137 1058 Patavine,
1152 991 1314 1048 llammoel

840 1072 874 1127 Et
892 1083 933 1142 te,
951 1077 1055 1133 comica
1072 1082 1116 1149 qui
1132 1083 1231 1148 disces,
1249 1083 1380 1140 'lmeetil

839 1161 874 1219 Et
889 1166 933 1233 te',
949 1174 1069 1236 tempore
1083 1171 1127 1240 qui
1148 1179 1224 1229 satim
1238 1188 1350 1241 setoso,

838 1254 934 1313 Graios
948 1258 1040 1317 Plauto
1060 1263 1131 1320 sales
1147 1265 1238 1336 lepore
1253 1268 1371 1324 mansis!
1410 1312 1418 1321 ,

838 1348 874 1403 Ει
891 1359 916 1405 ιι
932 1352 1090 1409 multimoda
1105 1357 1172 1412 satis
1185 1359 1334 1415 uerendum

837 1442 1004 1511 Scriptorum
1026 1448 1234 1516 numerositate,
1257 1449 1363 1506 Varrol

837 1529 917 1601 403
934 1533 967 1587 Et
986 1541 1013 1589 te
1027 1536 1071 1605 qui
1087 1536 1217 1594 brevitate
1231 1539 1325 1610 Crispe
1336 1539 1444 1611 pollesl

837 1623 871 1675 lit
885 1623 929 1690 uei
945 1638 993 1693 pro
1007 1626 1115 1696 ingenio
1129 1626 1230 1686 llue'ute
1244 1631 1313 1687 nulii

837 1710 945 1770 Corneli
962 1715 1053 1772 Tacite
1072 1733 1102 1774 es
1122 1720 1250 1778 tacendus
1268 1724 1328 1780 orii

801 1800 826 1865 li
841 1804 872 1858 Et
888 1815 913 1860 te
928 1805 1134 1864 Massiliensium
1150 1827 1197 1881 per
1211 1811 1306 1870 hortos

839 1895 913 1952 Sacri
928 1896 1043 1968 stipitis,
1060 1898 1178 1969 Arbiter,
1198 1902 1325 1960 colonum

838 1987 1053 2058 Hellespontiaco
1075 2006 1169 2060 parem
1186 1992 1308 2064 Priapo?

838 2079 873 2135 lit
888 2090 913 2135 te
928 2080 1048 2135 carmina
1063 2096 1112 2152 per
1127 2081 1270 2140 libidinosa

837 2171 934 2227 Notum
949 2171 1020 2228 Naso
1041 2182 1128 2230 tener.
1143 2175 1296 2246 Poenosque
1309 2176 1440 2244 ιιιίιιιιιιις

836 2263 977 2331 Quondam
991 2264 1116 2322 casarea
1137 2266 1217 2323 nimis
1232 2267 1328 2339 puelle

837 2356 913 2413 licto
928 2359 1038 2415 nomino
1052 2360 1188 2416 subditum
1204 2361 1339 2420 Comana.

839 2455 847 2485 ¹
861 2454 930 2522 Quid
944 2454 1035 2513 celsos
1048 2455 1167 2512 Senecas
1181 2457 1285 2527 loquar,
1300 2457 1342 2514 uel
1355 2457 1430 2516 illum

837 2548 923 2616 Quem
934 2547 980 2604 dat
994 2548 1098 2605 llilbilis
1112 2549 1166 2605 alta
1181 2549 1345 2617 llardalem,

837 2641 981 2698 Terrarum
996 2643 1135 2714 indigenas
1149 2644 1356 2702 hibericarum?

837 2735 907 2802 Quid
920 2751 988 2806 quos
1001 2735 1153 2806 duplicibus
1163 2737 1344 2819 jurgatatordis

837 2827 995 2897 Argentaria
1011 2827 1024 2866 l
1040 2825 1114 2883 Polla
1126 2828 1171 2885 dat
1186 2831 1298 2899 poetas?

840 2917 909 2985 Quid
922 2917 1021 2973 multos
1035 2920 1103 2974 varii
1118 2920 1180 2990 styli
1193 2929 1324 2988 retexam,

837 3008 942 3080 Arguti,
960 3008 1056 3076 teneri,
1070 3024 1175 3080 graves,
1191 3011 1314 3083 dioaoosl

838 3101 865 3158 Si
880 3102 1042 3158 Consentius
1056 3101 1151 3169 adluit,
1166 3101 1296 3160 latebant.

798 3178 822 3246 C
838 3192 903 3248 lluic
918 3195 1016 3249 summi
1031 3193 1129 3265 ingenii
1148 3194 1220 3269 viro,
1231 3194 1364 3265 simulque

110 3281 176 3340 brar
195 3274 285 3352 rates,
309 3284 374 3341 deus
393 3287 494 3354 Arcas,
516 3295 596 3359 atque
616 3286 748 3356 Phoebus,
837 3285 957 3341 Summas
971 3284 1118 3341 nobilitatis
1128 3297 1210 3356 atqrre
1222 3286 1327 3354 torma,

109 3375 207 3434 rrmine
224 3387 285 3446 post
304 3387 396 3447 erant,
417 3390 444 3434 et
466 3380 538 3449 ipsas

109 3481 153 3523 ron
174 3468 211 3524 ita
231 3470 347 3526 musicas
367 3480 485 3541 putares.

109 3570 217 3632 syrmate
237 3562 325 3617 cultus
345 3572 372 3618 ιι
392 3562 541 3632 cothurno,

109 3661 118 3708 t
134 3653 219 3711 semel
235 3655 352 3711 Atticum
372 3656 523 3725 theatrum,

110 3750 140 3799 nt
152 3742 301 3813 Sophocles
318 3753 345 3800 ιι
358 3744 511 3817 Euripides.

109 3832 181 3905 rlpita
197 3847 343 3906 personare
360 3852 440 3894 socco

109 3941 134 3983 rs
152 3928 297 3996 voluisset,
318 3931 382 3988 lroic
401 3931 489 3988 leuato

126 4029 156 4076 tu
168 4021 253 4092 digito
268 4021 361 4091 dares,
378 4022 533 4080 Menander.

109 4127 121 4168 n
137 4113 292 4184 senipedem
309 4116 409 4187 stylum
429 4117 545 4187 polibat,

109 4214 133 4260 π
152 4204 211 4261 ιῑιι
225 4201 320 4262 doetus
339 4206 469 4276 oldoinus,

109 4311 121 4352 n
141 4309 172 4353 se
191 4297 310 4354 historiae
328 4298 409 4354 dabat
428 4314 545 4368 severae,

836 3381 932 3437 lunata
946 3376 988 3436 est
1000 3379 1110 3446 demina,
1125 3395 1185 3451 quae
1199 3380 1307 3437 dommo
1320 3379 1354 3436 ad
1366 3378 1459 3437 masiti

836 3474 922 3530 Prisci
936 3484 946 3513 ι
960 3472 1076 3544 insignia
1091 3473 1257 3531 transieretrs
1269 3475 1372 3544 lorini,

835 3565 959 3637 implerit
973 3565 1075 3622 trabeis
1091 3567 1174 3623 larem
1189 3567 1328 3638 sophistas.

835 3658 880 3714 Sic
895 3658 965 3714 iutra
982 3659 1104 3728 proprios
1121 3658 1166 3713 tibi
1183 3666 1303 3728 periotes,

817 3777 819 3782 2
835 3749 979 3816 consenti,
995 3749 1086 3820 patriae
1103 3748 1186 3804 decus
1197 3749 1353 3819 superbum,

835 3837 924 3896 Fastis
939 3839 1005 3894 risit
1015 3853 1092 3908 avus,
1110 3848 1238 3908 paterque
1252 3837 1339 3892 libris.

871 3930 934 3984 llaec
945 3944 994 3999 per
1004 3938 1146 3985 stemmata
1161 3935 1186 3982 te
1197 3927 1265 3982 satis
1280 3933 1427 3994 petentem,

836 4024 940 4079 llorum
956 4023 1072 4078 eulmine
1083 4020 1130 4076 sed
1145 4022 1335 4090 potentiorem,

834 4116 893 4173 Non
906 4117 1007 4191 possim
1022 4114 1121 4171 merte-
1131 4127 1229 4170 sonam
1246 4111 1326 4169 laude
1341 4129 1350 4166 ι

835 4207 892 4265 Neo
904 4209 928 4266 si
941 4223 987 4264 sto
996 4206 1113 4278 lldryslo
1125 4219 1226 4262 canoas
1240 4205 1271 4261 iu
1284 4214 1373 4272 ιιιιιι,

835 4299 917 4371 Im
930 4296 988 4366 Qut
1003 4289 1265 4368 amnemamnem
1279 4293 1388 4352 ducatis

835 4391 934 4448 Cautes
949 4379 1139 4463 perticanam
1154 4388 1268 4446 resultat
1280 4389 1407 4454 liebrus,

838 4483 971 4554 Princeps
978 4482 1141 4539 imminet
1153 4482 1200 4538 lile
1213 4490 1317 4550 tatum,

795 4549 827 4611 Ῑ)
838 4577 905 4633 cum
918 4573 1011 4630 duleas
1022 4572 1142 4628 animata
1156 4582 1221 4629 sara
1233 4573 1344 4629 chordae

838 4667 951 4725 Petram
961 4676 1012 4737 per
1022 4660 1170 4736 Rhodopen
1188 4663 1310 4721 trahente
1322 4670 1412 4731 cantu,

838 4760 872 4816 Et
885 4773 964 4816 tersa
974 4757 1036 4814 viee
1048 4755 1166 4812 lontibus
1180 4755 1280 4828 ligatis,

780 4921 784 4934 ¹
825 4852 939 4908 'Terras
951 4864 1063 4907 currere
1073 4856 1202 4918 cogerent
1214 4845 1332 4903 anhelas.

111 4386 159 4443 tls
178 4397 303 4458 poterant
322 4390 397 4447 locos
415 4390 484 4447 tueri

119 4477 286 4548 llerodotus,
307 4489 406 4539 tonans
421 4483 564 4541 llomerus.

109 4583 121 4625 ι
142 4572 230 4641 potior
249 4570 343 4629 luisset
360 4573 440 4641 olim,

109 4660 233 4719 Missas
251 4664 376 4721 movebat
394 4674 454 4723 artu

109 4758 213 4810 caveam
232 4758 430 4825 tumultuosus,

109 4861 165 4905 rum
184 4862 325 4921 raperetur
345 4852 374 4907 in
390 4850 558 4923 Philippum,

109 5008 261 5079 melloten
285 5012 403 5081 itemque
425 5011 496 5081 apud
509 5011 627 5067 Plinium
649 5021 678 5071 ot
689 5012 783 5072 Aethi·
838 5013 881 5069 rt.
899 5011 1020 5068 latentis
1032 5010 1140 5076 lorini,
1155 5018 1233 5080 quem
1253 5006 1383 5079 Lupicino
1399 5007 1501 5075 collega
1515 5002 1566 5061 sub
1580 4992 1631 5054 Va·

120 5080 148 5134 ¹¹l
159 5078 262 5136 mlh
275 5082 439 5150 Peutinggpg
839 5083 989 5141 lentinlono
1002 5083 1110 5138 seniore
1118 5082 1211 5151 gessit,
1223 5094 1284 5136 eum
1296 5079 1414 5147 equitum
1429 5076 1555 5161 magister
1562 5080 1636 5131 esset

109 5150 225 5205 sentiunt
240 5162 342 5222 patrem
357 5153 448 5208 laudnt
461 5169 476 5209 a
490 5153 684 5224 philosophicis
698 5156 783 5226 poeti·
838 5166 887 5226 per
900 5153 1010 5217 Gntttss,
1019 5156 1047 5208 et
1058 5148 1220 5206 Alamannos
1230 5150 1330 5222 ingenti
1343 5156 1432 5218 strage
1445 5164 1469 5202 ιιι
1481 5145 1633 5204 catalaunis

109 5219 254 5289 lisciplittb,
275 5234 331 5278 tum
343 5223 457 5293 Graecis,
473 5233 530 5281 tutta
542 5225 654 5282 Latinis.
839 5224 1026 5296 profligasset,
1052 5232 1082 5278 ιιι
1101 5220 1271 5277 Marcellinus
1287 5229 1376 5303 narrat
1392 5218 1409 5272 l.
1428 5232 1510 5273 astat.
1529 5214 1570 5274 be
1581 5231 1635 5287 qim

124 5287 290 5348 leucarum
309 5307 337 5348 ιι
359 5296 486 5351 Statium.
511 5297 611 5353 Lucani
627 5298 698 5353 enim
713 5313 784 5354 uror
841 5296 923 5352 ctiam
940 5293 1034 5351 mribit
1058 5290 1223 5374 {flodoardus
1240 5290 1395 5373 r'llrstorrar
1417 5288 1444 5355 b,
1464 5295 1491 5372 ιι
1512 5283 1635 5366 artthuos

109 5376 127 5415 a
140 5361 315 5433 Argentaria,
336 5374 363 5421 et
378 5379 483 5422 mortuo
498 5369 621 5436 Lucano,
642 5369 739 5432 Statii,
756 5379 785 5425 ut
841 5381 936 5423 versus
952 5366 1053 5435 prolert
1068 5378 1082 5417 a
1096 5364 1192 5419 lorino
1208 5371 1308 5432 positos
1328 5361 1404 5443 mus.
1423 5360 1552 5428 Agricolae
1566 5359 1636 5427 lissi·

109 5430 162 5502 ipse
178 5435 206 5488 in
219 5436 300 5492 Silvis
313 5437 402 5494 docet.
417 5438 604 5506 Quidamlrbri
621 5440 729 5509 potuero
745 5441 786 5496 lc·
841 5439 893 5494 liet
906 5449 987 5506 guast
1003 5435 1095 5490 llsmis
1108 5431 1241 5514 lendarat.
1259 5431 1345 5501 llrrjus
1361 5439 1451 5500 itaque
1472 5428 1552 5482 tamn
1565 5425 1635 5476 forr-

384 5533 386 5537 ’
841 5510 930 5564 sentio
944 5506 1044 5562 serrisri
1066 5512 1177 5574 nuptm
1197 5512 1243 5555 ιιι.
1266 5502 1416 5583 (luem
1427 5502 1585 5565 scaurmtsr,
1601 5494 1636 5547 ιιι
1726 5539 1728 5543 .

109 5571 166 5631 bea
179 5585 206 5632 et
220 5574 349 5634 lassorum
366 5594 463 5636 nomen
484 5582 652 5636 consolatum
673 5580 787 5637 denotat
838 5581 947 5651 juniore
957 5575 1115 5642 Cortsetttio,
1128 5574 1162 5630 ad
1175 5582 1254 5644 obem
1269 5572 1372 5637 scribit,
1385 5567 1445 5637 oapi
1455 5567 1563 5620 debent.

109 5705 177 5764 thius
192 5709 297 5767 Adrus.
314 5729 373 5783 pag.
389 5712 443 5770 lta
456 5715 520 5783 legit
532 5731 564 5771 es
579 5715 690 5782 andnam
704 5715 787 5780 libro,
843 5691 1015 5778 Cornelium,
1034 5721 1063 5768 et
1076 5712 1145 5767 allos
1159 5708 1230 5767 cersi
1250 5703 1502 5762 samosatenus.
1516 5724 1552 5744 ··-
1564 5700 1640 5760 star

109 5782 178 5850 tros,
191 5783 301 5842 Senecas
319 5786 428 5855 tequam
443 5787 525 5844 luisse
538 5785 678 5846 enimuero
690 5797 789 5860 prater
801 5797 904 5876 mutos
917 5776 1054 5842 sirmond.
1069 5782 1168 5850 editor,
1182 5777 1285 5859 praelat.
1302 5775 1334 5833 ad
1347 5782 1412 5830 tom.
1431 5772 1450 5844 l,
1465 5772 1479 5846 i
1495 5773 1538 5832 ll.
