3810 6254
136 288 187 348 ιιι
630 281 801 343 ΑΡΡΕΝΜΧ
820 281 866 338 stt
883 275 1057 338 ttcrnttttt
1075 272 1256 337 tttshsstt.
1703 272 1759 333 ιιι

136 407 212 462 inere
226 403 336 461 sermm
357 402 518 471 elaterio,
536 401 580 486 qni
595 402 623 458 in
646 400 761 458 concbio
779 399 960 470 Carthagi-A
1007 398 1033 450 9.
1055 395 1281 454 Grnrurunrnsts.
1300 394 1345 452 Sic
1367 395 1465 477 dicitnr
1484 393 1554 467 apud
1583 395 1758 478 Antoninum,

136 476 212 531 nensi
227 476 276 530 sub
289 483 379 528 sancto
393 471 525 545 Cypriano
540 482 610 529 mter
623 472 817 542 rebaptizantes
837 471 916 538 sedit,
972 466 1185 549 ubiGoaoainto.
1200 467 1335 550 lidrersus
1349 467 1534 521 baereticorum
1548 464 1708 550 baptismum
1729 467 1758 524 in

137 547 292 612 lortttnsgne
307 555 346 596 est
360 558 432 597 num.
446 545 494 608 ltt3
507 553 529 597 et
544 542 657 597 Faustae
671 544 802 615 episcopus
816 544 847 596 de
858 541 919 595 cini·
970 537 1084 593 concilio
1098 536 1301 607 Carthaginensi
1317 538 1367 592 snb
1391 534 1636 618 sancto-Cyprtann
1651 546 1761 594 senten·

138 625 188 668 retr
202 614 384 676 Priorbitrroa,
407 629 473 668 rmus
488 630 521 668 ex
541 614 672 669 Africanis
696 612 858 668 antistitibus
873 611 916 680 gui
971 609 1034 663 tiam
1049 607 1161 676 protulit
1173 624 1249 661 nnrn.
1265 606 1299 661 to
1314 617 1410 676 murtpr
1424 605 1558 661 Soteronttr
1570 623 1587 660 o
1597 604 1762 676 Gozonfoinp

137 703 196 739 roim
220 684 362 737 Caeciliano
384 684 509 753 Cartlrag.
533 685 566 738 ad
598 683 740 737 concilium
762 682 919 737 arelatense
971 681 1047 746 cujus
1060 677 1238 747 objectionem
1254 677 1507 757 solvithngnstinns
1522 677 1587 731 lilno
1600 693 1635 732 rh
1647 679 1680 733 de
1695 679 1761 747 bap

138 757 250 820 prirnnm
265 768 426 817 rrrrrrenerc,
440 763 468 808 ut
489 769 522 809 er
545 753 664 822 ejusdem
688 753 783 824 synodi
802 751 920 808 subscri·
971 748 1050 802 tismo
1064 757 1158 802 contra
1172 747 1333 811 Donatistae,
1348 755 1436 816 capite
1450 747 1494 801 to.
1507 745 1657 826 Gorophpio
1668 749 1761 819 appel-

139 822 271 888 prionibns
294 830 374 890 patet.
398 821 537 877 Pabnrbinr
562 823 690 877 coloniam
716 821 795 875 habet
820 820 921 876 Plinius
972 817 1009 872 lat
1023 817 1170 888 Procopius
1184 816 1229 872 lib.
1246 815 1308 870 nde
1324 815 1396 871 Bello
1409 816 1563 897 Vandaltco,
1577 832 1655 887 onem
1671 818 1760 875 locutu

139 894 206 947 libro
220 907 246 953 r,
262 905 321 959 cap.
334 894 360 946 l.
384 891 586 947 Teiorbornr'ntra
609 894 677 946 inter
693 891 793 945 llnllarn
809 890 920 959 Regiam
970 886 1041 941 bidai
1059 888 1105 941 iter
1121 904 1137 941 o
1155 885 1322 941 Contrarium
1341 886 1467 942 distitisse
1485 886 1586 941 scribit.
1608 884 1760 960 compota

137 973 163 1016 et
175 961 289 1029 Cigisarn
304 962 373 1016 locat
393 963 541 1017 Antoninus
558 964 584 1016 in
601 962 749 1015 itinerario.
776 959 920 1028 Utriusque
971 956 1085 1012 habetur
1099 957 1127 1011 in
1144 956 1251 1012 'labnlis
1266 956 1489 1024 Pentingcrianis.

137 1045 199 1086 vero
213 1033 292 1084 situm
308 1031 433 1087 exhibent
446 1032 553 1087 Tahuhe
567 1031 787 1100 Pentingerianae.
801 1028 920 1082 Prtbnrbo
1006 1027 1034 1082 ὅ.
1053 1025 1232 1081 Castrensis.
1261 1026 1422 1082 Nemoratnr
1445 1026 1597 1095 frequenter
1621 1027 1684 1082 urbs
1709 1028 1761 1085 ista

137 1109 267 1156 memorat
282 1101 457 1155 rroteooous:
473 1103 538 1156 alios
559 1112 680 1156 auctores
703 1101 806 1154 omitto.
827 1097 920 1154 utrem
971 1095 1041 1167 apud
1056 1098 1243 1167 augustinum,
1259 1104 1351 1166 utpote
1373 1111 1431 1166 qrtrc
1444 1111 1497 1151 non
1522 1096 1565 1152 lon
1584 1112 1600 1152 e
1614 1099 1647 1152 ab
1660 1096 1760 1169 llippo-

137 1169 258 1225 fortassis
272 1171 329 1224 urbi
353 1172 458 1238 prminit
480 1170 632 1234 Germanos,
647 1170 692 1238 oni
706 1169 840 1240 synodicae
860 1183 922 1237 prn-
972 1166 1120 1236 nercgtemt
1142 1166 1265 1230 distabat,
1291 1181 1325 1220 ex
1345 1165 1412 1221 libro
1431 1181 1486 1220 xrn
1511 1167 1545 1221 de
1567 1113 1679 1223 {tritam
1700 1168 1761 1236 Dei,

132 1241 315 1295 ¹consularium
327 1242 517 1309 snhscopstsse
531 1241 627 1295 dicitur
641 1239 668 1294 in
688 1238 801 1294 concilio
812 1237 922 1293 Latera·
971 1251 1031 1318 cap.
1046 1237 1072 1292 8.
1098 1234 1170 1290 idern
1191 1245 1298 1291 sanctos
1312 1235 1406 1289 doctor
1422 1235 1563 1306 Negotium
1576 1237 1762 1295 calamensem

137 1311 213 1365 nensi
228 1309 278 1364 snb
293 1321 384 1364 sancto
399 1311 520 1375 llartino,
545 1310 589 1367 ubi
613 1311 744 1377 episcopas
758 1318 855 1362 soracte
867 1306 921 1360 Ec·
972 1319 1137 1376 episcopum,
1152 1316 1214 1360 tnnc
1239 1304 1365 1374 temporis
1384 1305 1515 1361 Numidiae
1530 1307 1682 1376 primatem,
1698 1322 1761 1378 pas·

137 1380 220 1434 cleric
234 1378 409 1433 Cinrntotorbo
420 1382 578 1450 appellatur,
593 1379 660 1434 iorte
676 1392 723 1448 pro
735 1378 784 1432 cin.
798 1375 869 1432 mid
881 1386 923 1432 est
971 1378 1022 1430 sim
1038 1375 1136 1443 laudat,
1151 1389 1164 1426 a
1179 1390 1232 1444 qno
1245 1375 1278 1430 ad
1290 1376 1447 1444 episcopalis
1467 1375 1603 1446 dignitatis
1614 1379 1717 1442 apicem
1731 1394 1762 1435 sc

137 1450 246 1504 civitatis
258 1448 379 1521 llojoris,
393 1457 440 1504 aut
461 1448 569 1503 llinorh
583 1448 722 1513 latuerim
737 1461 801 1511 sane
819 1447 923 1515 episco·
972 1456 1093 1501 erectum
1110 1445 1190 1499 luisse
1205 1446 1338 1512 prcolessns
1353 1457 1394 1499 est
1413 1444 1438 1499 io
1454 1445 1600 1503 collatione
1624 1447 1762 1519 Carthagi·

137 1519 236 1588 pslium
251 1519 353 1574 tedium
375 1522 480 1574 nomina
496 1519 522 1573 in
538 1520 587 1574 hac
601 1519 714 1587 epistola
737 1518 920 1585 utplurimum
973 1515 1061 1575 nensi,
1076 1514 1229 1583 cognitione
1241 1517 1268 1581 5,
1284 1529 1343 1583 cap.
1357 1514 1419 1569 etr.
1437 1514 1509 1570 idem
1530 1516 1611 1573 relert
1624 1516 1762 1575 Possidins

137 1596 201 1642 sunt
213 1587 367 1657 depravata.
390 1589 502 1645 Sensum
517 1589 646 1644 illustrent
664 1586 845 1642 confessorem
868 1586 921 1640 lo·
973 1584 1077 1654 biegalii
1101 1593 1162 1653 post
1176 1582 1394 1639 crescentianum
1414 1584 1441 1638 in
1455 1584 1605 1641 calamensi
1624 1588 1689 1643 sede
1703 1602 1762 1645 snc-

138 1657 277 1712 barbiturnc
286 1659 393 1713 civitatis
403 1659 507 1740 mcp'aris
518 1658 704 1713 landatllictor
714 1666 806 1711 noster
816 1656 861 1710 lib.
871 1655 923 1711 {63
974 1669 1079 1718 cessum
1093 1655 1136 1723 qni
1151 1651 1293 1710 Gollrttioni
1312 1655 1512 1725 Carthaginensi
1533 1656 1603 1712 inter
1615 1657 1707 1714 Patres
1721 1674 1763 1715 ca·

138 1743 212 1782 uum.
235 1726 272 1790 ι,
296 1728 329 1782 de
354 1743 406 1798 gno
427 1727 487 1783 vrde
514 1736 603 1782 notam
627 1728 660 1782 ad
685 1724 808 1781 eumdem
835 1726 922 1780 locum
975 1723 1254 1791 tholicoscapitelbh
1268 1725 1427 1792 comparuit,
1442 1740 1503 1779 cum
1514 1725 1661 1794 jenantes
1672 1731 1764 1798 capito

139 1796 207 1869 (Col.
220 1796 284 1862 sta,
299 1814 315 1851 rr
331 1795 365 1866 d).
382 1796 568 1852 Tnborbitonos
580 1808 702 1866 mortpres
718 1794 922 1851 celebratretns
939 1767 1009 1848 B55
1022 1809 1083 1848 curn
1097 1794 1156 1846 aliis
1170 1807 1217 1848 set
1232 1794 1366 1863 episcopis
1388 1809 1436 1862 pro
1456 1795 1553 1850 tuenda
1569 1796 1696 1856 adversus
1712 1798 1762 1855 lio

139 1867 320 1922 calendarium
342 1866 553 1936 Carthaginense
576 1881 604 1921 ut
629 1865 680 1921 coi.
701 1866 824 1933 dopnrti;
870 1865 921 1919 nod
973 1863 1226 1918 natistaslicclesia
1241 1879 1322 1919 cansa
1346 1862 1565 1921 luissetcleotus.
1581 1866 1699 1922 Celebris
1715 1879 1758 1924 cst

137 1950 236 1992 nomen
249 1935 329 2003 aliqui
343 1937 492 1992 celebribus
507 1937 667 2006 martyribus
681 1935 808 1990 Felicitati
819 1881 921 1990 effer·
973 1933 1045 1990 idern
1062 1934 1174 1989 antistes
1185 1933 1220 1990 ob
1239 1936 1321 1987 ritarn
1341 1933 1479 2002 Augustini
1499 1949 1513 1988 a
1535 1950 1565 1992 se
1578 1935 1673 1995 litteris
1687 1953 1761 1994 man·

137 2014 225 2076 petuae
236 2007 426 2062 attribuerunt.
451 2007 503 2063 biii
524 2021 589 2062 vcro
608 2007 730 2061 llarimae
750 2016 777 2059 et
790 2004 850 2058 aliis
865 2004 923 2059 e'ns
973 2003 1077 2069 damni,
1102 2019 1154 2070 orto
1173 2004 1282 2059 nominc
1306 2003 1449 2059 interseri
1471 2015 1543 2062 tores
1562 2019 1652 2062 sacros
1673 2010 1763 2067 locum

136 2076 367 2131 consortionem
388 2075 430 2131 bis
444 2075 548 2131 erudite
570 2086 661 2132 noster
674 2075 790 2130 loannes
802 2073 880 2131 blabil
892 2089 923 2129 o·
969 2072 1030 2197 {pre
1052 2072 1163 2141 adeptus
1177 2083 1228 2128 cst.
1248 2072 1399 2143 Crispinum
1420 2019 1511 2155 hissufl
1528 2075 1712 2132 adversarium
1727 2093 1762 2136 et

137 2145 196 2200 nius
213 2144 239 2200 in
255 2144 369 2200 notisad
389 2144 543 2216 praedictum
563 2144 755 2211 calendarium,
766 2159 846 2214 quarn
860 2145 922 2215 qui·
996 2142 1170 2198 onatistarum
1184 2151 1269 2207 secta,
1283 2142 1317 2197 ab
1331 2143 1479 2212 Angusttno
1500 2146 1596 2212 passim
1613 2147 1689 2219 117
1703 2162 1762 2204 me·

138 2215 199 2269 dem
214 2217 388 2285 questionem
401 2231 449 2270 nos
463 2231 568 2286 quoqne
583 2216 742 2339 apperimus
755 2215 781 2268 in
796 2215 923 2269 Admoni·
972 2221 1114 2276 moratum,
1128 2213 1172 2293 gni
1185 2213 1263 2282 paulo
1277 2222 1340 2268 ante
1353 2210 1531 2270 Collationem
1544 2215 1687 2273 defunctus
1707 2227 1761 2285 est,

138 2283 258 2340 tionead
273 2283 426 2340 Passionem
441 2295 592 2342 sanctarum
626 2284 921 2355 erpetuaeetreticita·
972 2283 1690 2355 ntiueatestiticatusestPetiliannscapitelibiam
1702 2288 1748 2343 lau

137 2355 171 2410 tis
194 2356 221 2410 in
248 2356 321 2410 lictis
342 2355 486 2425 llartyrum
513 2356 637 2424 sinceris,
657 2370 717 2425 pag.
741 2355 785 2412 bl.
807 2354 875 2410 Vide
895 2363 923 2412 et
972 2352 1045 2409 dato.
1063 2351 1177 2406 boram
1192 2352 1348 2434 §momentis
1366 2354 1507 2436 episcopus
1525 2370 1558 2411 er
1577 2356 1670 2412 eadem
1685 2365 1762 2442 secta

137 2423 400 2550 atriti-„nnc
414 2494 675 2570 soon-oron
756 2492 815 2554 eo
831 2495 919 2555 orio.
972 2422 1700 2573 illllllilhlllhottiltllltihitttt‘h
1712 2443 1763 2553 tl!

137 2562 241 2618 Mallem
262 2572 348 2618 temen
371 2565 459 2640 legere
481 2587 541 2625 cnm
557 2572 621 2625 riris
639 2571 763 2635 cruditis,
787 2574 922 2637 Stepttano
973 2572 1086 2625 inerant.
1103 2572 1235 2624 caeterum
1250 2570 1361 2625 celebris
1378 2571 1531 2628 adlnrcerat
1543 2573 1707 2630 calamensis
1722 2570 1762 2629 ci·

135 2632 244 2690 batuto
263 2635 288 2692 ln
303 2641 372 2694 netis
396 2643 428 2693 ml
451 2641 627 2696 collationem
641 2638 766 2708 Carthag.
780 2652 806 2695 et
818 2641 922 2698 toannc
973 2643 1040 2695 ritas
1054 2639 1152 2695 saecnlo
1166 2654 1236 2693 nono
1249 2648 1372 2701 exeunte.
1385 2648 1475 2710 utpote
1489 2658 1549 2712 qum
1566 2644 1651 2713 prima
1666 2657 1762 2700 recen·

136 2709 271 2766 llarduino
294 2709 322 2763 in
337 2712 404 2764 rantis
422 2711 455 2764 ad
477 2709 604 2775 Plinium,
631 2709 824 2764 Theodolcnris.
844 2711 922 2768 Certe
972 2720 1045 2766 sctnr
1060 2711 1129 2764 inter
1144 2718 1255 2764 caeteras
1275 2708 1405 2764 Numidia
1427 2711 1506 2768 urbes
1530 2713 1557 2768 in
1575 2711 1685 2779 Norint,
1719 2727 1761 2769 uae

137 2779 227 2834 Victor
243 2780 358 2834 l'itensis
379 2780 447 2836 libro
462 2797 486 2846 r,
500 2795 574 2835 nunt.
598 2781 624 2845 t,
649 2781 739 2834 laudat
762 2780 922 2835 Nolrtdcnnt
972 2779 1120 2849 imperante
1137 2779 1227 2834 Leone
1238 2779 1362 2847 Sapientc
1380 2783 1528 2850 conscripta
1542 2781 1601 2837 suit.
1617 2781 1691 2838 ilaue
1729 2797 1762 2840 o·

136 2850 283 2920 episcopam
301 2848 481 2906 Tcsdclcnsem
503 2865 518 2905 a
542 2848 686 2905 Genserico
707 2849 868 2919 relegatum:
888 2852 921 2906 de
973 2850 1056 2904 titiam
1070 2850 1188 2903 omnium
1205 2848 1305 2919 primus
1319 2847 1411 2905 Graece
1429 2859 1459 2906 et
1476 2851 1571 2909 Latine
1579 2851 1663 2907 edidit
1674 2853 1761 2909 Caro·

136 2934 189 2989 guo
208 2921 270 2975 ride
292 2919 452 2986 Brzacnrtos,
474 2936 547 2975 nom.
563 2920 607 2976 55.
630 2920 771 2975 collationi
793 2921 919 2992 Carthag.
973 2918 1014 2973 lus
1038 2934 1052 2973 a
1077 2918 1176 2975 Sancto
1199 2919 1293 2986 Panlo,
1315 2918 1361 2975 sed
1385 2920 1517 2989 mutilam,
1537 2934 1564 2977 ut
1585 2923 1761 2989 conqueritur

136 3003 195 3059 cap.
208 2989 353 3046 libadion
364 2988 624 3061 Urbannsepiscopns
636 2990 714 3060 piebis
726 2989 919 3046 Theodoiensir.
972 2989 1129 3045 Guillclmus
1146 2989 1318 3058 Bereregius,
1334 2988 1379 3059 qui
1400 2989 1521 3046 eamdem
1536 3007 1570 3048 ert
1593 2992 1686 3048 codice
1708 3007 1761 3049 ms.

135 3058 265 3115 Endalam
278 3069 391 3115 tamena
405 3060 543 3116 Theudala
555 3060 693 3128 distinguit
705 3058 816 3116 Carolus
827 3076 841 3115 a
853 3061 921 3116 San·
972 3059 1140 3115 bibliothece
1153 3059 1307 3114 bodleianae
1322 3058 1417 3114 tironii
1435 3062 1564 3128 integram
1584 3064 1653 3132 typis
1666 3061 1763 3120 Sebei·

135 3138 180 3186 clo
192 3128 274 3185 Panlo
296 3132 322 3183 in
337 3128 504 3200 Geograpbia
520 3144 606 3193 sacra,
622 3128 670 3185 sed
692 3144 725 3184 et
746 3132 795 3184 hoc
814 3129 921 3186 Notitiae
934 3132 957 3195 c
972 3129 1094 3184 donianis
1110 3129 1208 3198 publici
1221 3129 1288 3199 juris
1305 3127 1369 3184 lecit
1389 3145 1459 3184 anno
1474 3130 1553 3197 tots,
1567 3131 1594 3186 itt
1608 3131 1762 3190 adnotatio-

135 3197 300 3322 ¹⁰⁰⁰·3116
315 3199 444 3254 Theadolc
457 3211 619 3255 memoratur
632 3214 647 3253 a
663 3199 808 3255 Ptolemaeo
823 3201 920 3268 libre,
973 3199 1051 3253 nibus
1065 3199 1098 3253 ad
1114 3213 1231 3254 canones
1245 3199 1349 3253 concilii
1365 3198 1485 3256 Trullani
1504 3210 1579 3257 tomo
1593 3201 1616 3259 ll
1631 3201 1761 3274 synodici

135 3282 194 3336 cap.
228 3269 322 3338 ,quod
335 3284 349 3322 a
362 3268 449 3323 Plinio
463 3269 511 3324 lib.
523 3285 549 3338 r,
563 3283 624 3339 cap.
637 3266 666 3338 l,
677 3271 922 3341 immnncoppidam
972 3282 1021 3324 stro
1041 3268 1235 3324 Pandectarntn
1258 3268 1395 3324 canonum
1419 3271 1611 3339 apostolorum,
1630 3281 1683 3328 cte.
1708 3272 1764 3331 Set

135 3338 293 3408 appellatur.
973 3339 1107 3393 immerito
1119 3340 1160 3392 vir
1176 3339 1230 3404 ille,
1246 3338 1313 3392 alias
1325 3341 1456 3406 eruditus,
1468 3341 1617 3409 catholicis,
1632 3357 1700 3411 qnos
1712 3357 1762 3411 pro

170 3406 216 3463 st.
236 3408 409 3463 Tuttnansts.
433 3409 489 3463 Non
512 3406 657 3464 babetura
680 3409 713 3461 ud
736 3408 875 3465 ortelium.
893 3412 921 3467 ln
971 3423 1047 3464 more
1075 3408 1261 3463 hereticorum
1287 3410 1402 3479 papistas
1427 3424 1461 3480 ap
1480 3410 1553 3477 ellat,
1580 3425 1668 3481 pravae
1693 3411 1757 3468 lidei

136 3478 249 3533 concilio
260 3478 385 3548 Cartlrog.
394 3479 444 3532 suh
454 3479 535 3534 Grato
545 3479 629 3533 adluit
670 3488 723 3533 etos
732 3477 899 3536 Toccoocnrir
911 3497 921 3536 :
971 3482 1073 3534 crimen
1084 3479 1215 3560 impingit,
1230 3478 1270 3533 eis
1282 3478 1447 3547 exprobrans
1459 3424 1528 3536 Kane
1537 3480 1664 3537 Notitiam
1675 3483 1703 3536 in
1715 3497 1763 3538 eo·

136 3560 171 3601 au
184 3546 236 3602 bne
246 3548 427 3602 revocandus?
443 3547 470 3601 ln
486 3548 538 3602 alio
556 3549 617 3604 cod.
636 3557 746 3603 vocatur
769 3549 919 3606 Cannensis.
971 3563 1029 3603 rum
1045 3549 1180 3604 codicibus
1203 3558 1250 3602 aut
1268 3559 1421 3618 corruptam
1440 3548 1533 3619 inisse,
1548 3558 1600 3607 aut'
1612 3550 1708 3606 saltem
1722 3551 1758 3607 ab

134 3614 188 3672 Sed
200 3616 331 3687 ejusmodi
343 3617 583 3687 conjectationibus
596 3618 700 3672 haerere
713 3634 767 3674 non
781 3631 867 3675 racat.
972 3619 1004 3673 iis¹
1019 3618 1089 3673 haud
1105 3617 1221 3674 fideliter
1242 3618 1341 3673 editam
1354 3635 1361 3683 ;
1379 3620 1457 3702 idque
1477 3620 1574 3674 iactmn
1594 3620 1676 3676 inisse
1697 3620 1763 3681 dicit

169 3685 255 3742 Porro
276 3687 319 3743 bic
338 3687 526 3757 qninquaginta
551 3687 735 3745 tantummodo
756 3699 783 3743 et
803 3699 921 3761 qurttuor
971 3688 997 3742 in
1020 3688 1131 3756 gratiam
1147 3687 1328 3743 Romanorum
1349 3691 1515 3759 pontrllcum,
1529 3698 1671 3762 propterca
1687 3690 1760 3761 quod

134 3755 251 3826 episcopi
285 3757 313 3811 in
345 3758 478 3826 promocio
511 3757 693 3827 proconsulari
728 3774 918 3826 memorantur,
970 3757 1762 3840 inealongeplnresc'pircopotnaConrtcrrtinopolhmoguone

133 3828 253 3896 ptramuis
276 3827 354 3895 louge
378 3828 467 3897 plures
481 3827 507 3881 in
522 3828 573 3885 ista
598 3828 732 3897 provincia
752 3830 816 3883 olirn
839 3830 932 3887 luisse·
972 3827 1366 3898 ltomonopatriorcltrcsnbpccti
1379 3840 1595 3898 enumerarentur,
1606 3839 1630 3884 et
1640 3829 1705 3896 pree
1719 3831 1762 3887 iiii

133 3904 236 3953 certum
250 3897 295 3952 sit.
311 3896 364 3953 Sed
379 3895 482 3966 populis
497 3896 525 3950 in
539 3899 627 3952 uarias
639 3898 761 3966 regiones
779 3900 920 3970 dispersis,
970 3898 1203 3970 proscriberentur,
1220 3899 1264 3968 goi
1278 3897 1418 3954 dominium
1435 3908 1458 3954 et
1472 3907 1619 3970 potestatem
1633 3902 1660 3954 in
1680 3910 1763 3957 totam

133 3964 763 4036 terbergaompiorbntr,ntaitnosteri'ictnrlib.
778 3970 920 4037 t,num.5,
971 3968 1143 4023 Christianam
1170 3968 1255 4022 orbem
1283 3968 1331 4022 sibi
1353 3979 1502 4039 arroganter
1523 3970 1660 4024 oirtdicot:
1684 3972 1763 4040 quasi

132 4044 178 4090 ost
191 4038 266 4103 roris,
288 4045 332 4091 ent
346 4037 424 4091 naith
438 4035 622 4092 habitatoribus
641 4039 825 4094 incolebantur.
841 4041 920 4097 certe
970 4053 1035 4095 vero
1049 4037 1177 4094 Romano
1195 4037 1321 4094 Ecclesiae.
1342 4038 1494 4108 pontthcum
1515 4040 1711 4110 propagative,
1726 4056 1763 4098 ex

132 4120 262 4160 numerant
276 4122 363 4162 coram
377 4117 478 4161 centurn
495 4109 626 4180 acropinto
636 4120 745 4178 quattor
759 4112 838 4178 puisse
848 4110 919 4167 idem
970 4108 1065 4178 majori
1089 4118 1134 4164 aut
1157 4108 1253 4163 minori
1277 4109 1461 4178 cpiscoporum
1478 4124 1588 4164 numero
1602 4110 1645 4178 gui
1666 4111 1703 4176 ei,
1732 4121 1764 4168 nt

132 4183 227 4230 auctor
239 4185 376 4231 asseverat
389 4192 462 4232 num.
476 4175 492 4231 9
504 4176 564 4231 libri
578 4178 689 4243 laudati,
704 4193 765 4232 cnm
780 4188 838 4247 post
853 4182 920 4236 lieo-
969 4178 1054 4242 alunt,
1070 4176 1245 4247 patriarchico
1258 4177 1318 4247 jure
1330 4178 1514 4248 subjiciuntur,
1529 4181 1612 4248 repeti
1627 4178 1762 4247 debeatne

149 4246 231 4301 satias
255 4244 460 4317 Cartimginemia
491 4248 603 4319 episcopi
628 4248 723 4303 obitam
759 4246 920 4305 Gensericns
969 4256 997 4301 et
1011 4262 1063 4303 non
1077 4248 1208 4312 potiores
1219 4247 1331 4316 primatu
1343 4247 1422 4303 Petro
1435 4258 1637 4317 snpraczetcros
1651 4257 1763 4319 aposto-

132 4258 279 4386 {crpitum
291 4327 313 4370 et
327 4318 503 4386 proconsulari
517 4316 653 4385 momoria
666 4319 796 4388 episcopos
810 4318 918 4373 interdi-
969 4315 1019 4383 los,
1036 4315 1171 4372 aChristo
1187 4330 1327 4384 concesso,
1343 4319 1470 4388 quemad
1487 4318 1545 4389 ejus
1564 4319 1635 4375 sedo
1647 4334 1762 4375 succes·

131 4383 170 4437 ait
188 4386 354 4440 ordinandos.
378 4385 519 4456 Synodicae
532 4386 652 4455 epistota
676 4389 752 4441 istius
773 4388 918 4455 provinciae
969 4399 1045 4442 sores
1060 4387 1244 4442 transmissum
1259 4386 1340 4442 inisse
1355 4397 1480 4457 perpetua
1500 4402 1533 4444 ac
1554 4390 1687 4444 cennsali
1705 4401 1764 4447 tra·

132 4455 316 4522 episcoporum
332 4455 365 4509 ad
375 4455 485 4511 Paultnn
500 4455 678 4537 patriarcham
698 4456 918 4527 Constantinopo·
969 4455 1069 4513 ditione
1083 4470 1189 4524 semper
1203 4456 1325 4523 credidit,
1343 4458 1380 4513 nti
1391 4458 1471 4514 etiam
1486 4472 1556 4515 nunc
1569 4458 1655 4515 credit
1668 4458 1765 4517 Eccle-

131 4521 254 4588 lt'tanmn,
268 4541 328 4594 quau
345 4526 412 4580 lecta
428 4525 477 4581 luit
500 4542 526 4580 tn
551 4524 665 4581 concilio
680 4526 853 4581 Lateranensi
868 4528 918 4584 suh
971 4525 1012 4583 sia
1026 4526 1173 4592 catholiam
1193 4525 1309 4583 docuere
1322 4531 1405 4583 sancti
1422 4528 1524 4594 Patres,
1541 4529 1627 4584 Graeci
1641 4528 1721 4584 simul
1734 4539 1765 4587 et

131 4603 224 4650 sancto
238 4595 351 4651 llartino
373 4599 478 4649 actione
499 4595 526 4659 ἱ,
541 4595 681 4665 sexaginta
703 4605 730 4650 et
743 4605 804 4651 octo
825 4596 917 4654 Patres
970 4594 1067 4659 Latini,
1079 4597 1310 4667 agnoscebantgne
1320 4597 1405 4654 Greci
1415 4599 1465 4681 ipsi
1478 4612 1511 4655 co
1526 4608 1646 4669 tempore
1660 4616 1715 4670 quo
1726 4600 1764 4657 ab

131 4665 321 4734 subscripsisse
332 4674 523 4720 memorantur.
535 4665 590 4720 Nec
600 4678 688 4720 tamen
703 4666 739 4721 ibi
750 4677 796 4722 aut
808 4667 917 4722 Cartha·
970 4667 1010 4723 eis
1023 4666 1119 4723 Notitia
1132 4668 1189 4721 bruc
1201 4665 1332 4737 descripta
1343 4666 1408 4735 luit,
1423 4685 1450 4723 rn
1461 4669 1537 4739 cujus
1553 4671 1627 4724 initio
1641 4666 1763 4725 Patriar·

129 4733 208 4858 pppis,
224 4744 270 4788 ant
290 4736 468 4804 complurium
492 4735 603 4791 aliarum
623 4735 739 4804 urbium,
751 4752 812 4808 qum
832 4738 875 4794 hic
890 4737 917 4795 in
970 4737 1079 4793 enarum
1089 4736 1155 4794 ordo
1167 4740 1200 4791 ita
1213 4737 1358 4808 dispositus
1371 4738 1493 4806 babetur,
1506 4747 1535 4793 ut
1547 4741 1660 4808 primum
1673 4741 1763 4797 locunt

154 4806 227 4860 otitia
243 4805 387 4870 habentur,
404 4815 578 4861 recensentur
592 4806 721 4877 episcopi.
970 4807 1089 4863 obtineat
1110 4806 1245 4863 Romanos
1265 4809 1394 4878 pontiler.
1413 4807 1533 4880 lienium
1546 4823 1600 4864 uon
1616 4817 1674 4865 erat
1689 4811 1764 4880 qnod

970 4874 1129 4948 bercregins
1147 4880 1275 4934 ailrersns
1292 4880 1437 4935 catholicoe
1451 4879 1518 4935 adeo
1532 4889 1763 4948 commoreretur,

288 4915 333 4970 Μ)
353 4913 566 5025 mmmm
586 4917 771 5026 NUWAEJ
893 5012 900 5027 ,
969 4958 1029 5003 cnm
1043 4950 1126 5005 multo
1139 4955 1281 5019 antequam
1301 4947 1430 5005 scriberet
1446 4959 1576 5019 tempore,
1587 4948 1684 5005 eadem
1704 4948 1762 5006 No·

166 5006 192 5062 l.
214 5008 425 5090 timueramus.
446 5009 534 5066 (odet
547 5009 645 5067 llallert
669 5009 856 5069 Brcerrrtonrrr.
868 5013 915 5071 Er·
970 5017 1038 5085 titia,
1054 5020 1154 5089 integra
1169 5032 1278 5088 prorsus
1291 5029 1317 5074 et
1332 5024 1442 5084 insecta,
1466 5019 1554 5074 ariro
1574 5018 1709 5075 catholico
1733 5027 1764 5077 ct

128 5076 190 5157 dem
204 5079 260 5133 sedr
274 5077 414 5161 praefuisse
423 5087 515 5136 censet
524 5076 557 5162 tl..
569 5077 599 5136 C.
612 5056 735 5139 baluzius
744 5082 917 5140 Fortunarum
970 5089 1083 5154 erudito,
1099 5089 1201 5146 lacobo
1210 5088 1313 5144 scilicet
1323 5089 1410 5146 Goare
1424 5104 1439 5145 e
1452 5088 1550 5145 tamilla
1563 5090 1647 5144 saneti
1667 5090 1763 5145 bomi-

129 5162 275 5217 eprscopnnr
290 5146 492 5216 Vesccntononr,
507 5166 552 5220 qur
570 5152 598 5206 in
618 5149 767 5210 Collatinus
789 5155 915 5226 lhrthag.
969 5158 1034 5226 nici,
1048 5161 1119 5215 edita
1139 5158 1232 5215 inisset
1246 5174 1315 5214 anuo
1336 5159 1404 5215 llil8
1419 5160 1447 5214 in
1462 5159 1608 5229 appendice
1629 5158 1664 5215 ad
1678 5156 1764 5215 Codi-

128 5229 188 5285 cap.
205 5217 255 5273 tst
268 5219 338 5273 inter
358 5217 508 5277 bonatistas
521 5230 686 5280 recensetur.
699 5225 814 5281 tirtelius
827 5234 916 5283 tamen
969 5243 1033 5284 nunt
1052 5227 1250 5299 curopalatem,
1260 5230 1305 5298 qni
1319 5245 1386 5284 unus
1401 5238 1444 5284 est
1457 5244 1489 5285 et
1504 5227 1658 5285 auctoribus
1671 5230 1717 5300 qui
1732 5229 1763 5284 iu

128 5294 156 5342 et
169 5286 282 5370 Carolus
304 5303 320 5342 a
342 5287 442 5346 Sartcto
462 5289 544 5346 Paulo
567 5291 756 5348 Vesceritonam
778 5298 872 5353 urbem
888 5298 916 5353 in
971 5299 1118 5368 percelebri
1132 5301 1281 5365 bizantinae
1294 5299 1417 5354 ilistoria.
1427 5301 1586 5370 scriptorum
1599 5299 1764 5355 collectione

128 5353 276 5412 Collatrone
287 5369 460 5441 memoratam
475 5376 534 5443 eant
549 5378 608 5419 esse
620 5370 714 5432 putant
732 5381 818 5436 quara
832 5366 918 5422 Ptole·
971 5370 1039 5445 tppis
1054 5371 1134 5439 regiis
1155 5367 1268 5424 lruterire
1282 5369 1446 5424 Parisiorum
1467 5369 1531 5426 editi
1546 5377 1618 5425 sunt.
1643 5366 1699 5426 Sed
1719 5367 1764 5425 bis

129 5441 198 5484 roco
211 5429 469 5504 maurophoros,
485 5448 513 5487 ru
525 5432 690 5489 llauritania.
703 5433 774 5491 lnter
787 5438 917 5494 Numidiae
969 5441 1068 5495 diutins
1082 5440 1218 5496 immorari
1234 5453 1287 5494 non
1303 5448 1390 5494 uacat.
1407 5439 1492 5510 ipsam
1509 5453 1572 5496 reto
1589 5438 1718 5497 Notitiam
1734 5440 1762 5495 io

38 5508 41 5516 ·
129 5496 250 5555 civitates
265 5515 324 5567 gna
337 5505 363 5554 in
376 5499 472 5557 Notitia
484 5500 582 5571 Leonis
593 5504 738 5573 Sapientis,
759 5506 794 5562 de
807 5523 860 5578 qua
876 5511 916 5561 in·
970 5519 1104 5590 posterum
1119 5508 1765 5578 laudabimussubbconisNotitirrnomine,cu·

128 5565 172 5627 ira
182 5584 211 5624 n.
224 5568 241 5624 b
255 5567 398 5637 babcutnr,
410 5573 528 5629 occurrit
546 5576 660 5651 strepas
673 5574 775 5651 erispa,
798 5591 845 5632 sen
867 5576 918 5633 Go-
967 5593 1011 5648 pus
1020 5586 1049 5633 ut
1061 5579 1140 5634 variar
1149 5579 1281 5635 editiones
1291 5580 1407 5636 discerni
1421 5581 1532 5650 possint,
1543 5594 1636 5637 earum
1646 5581 1762 5652 alteram

129 5646 211 5695 ιιιιιιιι
224 5637 333 5722 Pedere,
344 5646 375 5696 ut
386 5641 500 5698 vertitur
514 5642 541 5699 in
554 5646 672 5702 editione
683 5646 861 5719 Bereregiaua
870 5664 880 5712 ς
890 5656 919 5704 at
968 5645 1062 5703 baroli
1075 5646 1182 5716 Goaris,
1192 5650 1305 5705 alteram
1323 5666 1387 5706 rero
1401 5650 1549 5722 bereregii,
1564 5658 1621 5718 aut,
1634 5660 1665 5708 ut
1676 5651 1764 5723 lama

130 5703 641 5773 umrnwhbetdoemtrma.
969 5716 1160 5777 munditia
1171 5719 1272 5791 passius
1285 5720 1419 5788 laudmur,
1439 5722 1564 5779 Notitiam
1588 5718 1766 5779 Bodleianat!
