3810 6254
770 391 895 452 sltttttll
913 389 1138 451 awtubsbls
1715 384 1768 449 idi

127 405 181 465 dd'l

129 520 163 577 lis
177 518 326 587 acciperet,
341 522 387 567 aut
401 510 484 567 etiam
495 507 655 578 Capitolina.
672 504 797 562 Paconius
811 506 924 576 exarsit,
936 515 964 577 Α
977 514 1040 561 tunc
1053 504 1182 575 incipiunt
1195 504 1350 573 dignitates.
1367 503 1450 576 igitur
1459 502 1556 562 istasic
1570 503 1765 575 pretectodm,

128 613 171 669 eui
186 608 320 681 satyricus
338 603 384 659 ille
407 615 526 657 morsum
547 600 635 655 dentis¹
656 598 731 669 igniti
746 597 850 655 aridius
865 598 917 653 im·
978 595 1018 653 sio
1031 603 1139 652 senator
1160 594 1248 668 (cujus
1271 596 1393 653 moribus
1416 588 1487 667 quo‘d
1503 598 1638 667 preconia
1658 613 1768 670 compe-

130 709 267 777 presscrat
286 717 293 754 τ
317 706 397 768 atque
411 695 444 751 ad
466 702 585 750 retardes
607 692 799 759 circulatores,
815 691 921 762 injmiae
974 689 1056 745 tentia
1069 703 1122 745 non
1135 704 1168 745 ex
1183 703 1245 747 asse
1261 690 1396 761 persolvo,
1411 691 1502 760 generi
1528 691 1569 746 sui
1585 693 1706 749 moribus
1720 695 1768 751 de·

129 792 289 861 communis,
301 788 466 860 lequinium
478 784 663 843 reuminteui.
680 783 780 839 Videtis
793 780 922 840 utCatul·
973 779 1048 854 beo),
1061 782 1207 840 multorum
1224 783 1283 852 plus
1295 797 1375 853 quam
1391 781 1524 839 botrorum
1543 784 1606 839 odia
1623 788 1768 846 commouit

131 888 201 943 linus
214 883 319 954 deperit
334 881 410 936 risui
437 882 554 950 Apparet
567 879 590 933 ei
606 886 671 933 nuta
684 877 839 934 memorari.
855 875 921 931 Nam
973 875 1062 933 adbuc
1075 875 1209 947 ignoranti
1221 874 1298 942 milri,
1313 874 1400 932 adime
1415 875 1512 943 amico,
1528 886 1655 948 tanquam
1667 881 1768 938 sacculo

130 974 190 1052 qud
203 991 283 1034 causa
292 973 421 1044 compulit
432 971 556 1028 lestioam
570 971 736 1042 praecipitare
750 970 921 1035 sententiam,
974 983 1141 1025 meocauere
1158 969 1232 1026 aolus
1255 983 1335 1025 uersu
1355 968 1482 1026 ualerem.
1513 968 1597 1026 ionio
1619 971 1795 1057 Arelatem,-

129 1071 182 1127 nisi
193 1069 264 1140 quod
276 1069 332 1140 iam
346 1073 421 1125 tenet
436 1074 538 1132 totum,
555 1062 600 1134 qul
613 1063 649 1119 de
662 1071 736 1134 parte
748 1064 788 1118 sic
799 1062 922 1133 iudicati
973 1059 1041 1115 nibil
1055 1059 1142 1115 adbuc
1156 1059 1295 1130 suspicans
1309 1077 1315 1113 :
1331 1058 1402 1116 unde
1418 1059 1509 1116 enimi
1520 1076 1673 1133 quanquam
1688 1074 1766 1134 puta-
1791 1066 1794 1071 '

130 1165 222 1237 itaque
232 1161 360 1222 Sidonius
371 1173 443 1217 nuuc
453 1159 481 1214 iu
495 1156 618 1215 Aruerno
626 1165 692 1214 est:
708 1154 779 1211 unde
790 1153 923 1225 colligitur
974 1166 1018 1207 rer
1031 1150 1065 1207 ab
1082 1150 1197 1206 inimicis
1212 1164 1265 1206 non
1278 1149 1434 1216 adiuturum
1450 1165 1481 1206 ae
1495 1152 1613 1223 principe
1629 1155 1767 1225 postdiem

130 1255 308 1325 attctore'dlo,
321 1255 373 1311 isto
386 1253 520 1320 auditore,
531 1267 588 1309 rem
599 1258 710 1307 tetum.
722 1249 776 1307 itur
790 1249 819 1305 in
829 1247 921 1316 lorias,
973 1245 1043 1312 risui,
1062 1245 1090 1300 in
1105 1243 1192 1299 lorum
1205 1258 1237 1300 ex
1250 1259 1326 1300 more
1338 1243 1492 1311 descendo;
1517 1245 1589 1316 quod
1612 1246 1658 1302 ubi
1679 1246 1767 1303 uisum

130 1350 213 1422 iraque
231 1348 352 1406 matida
373 1346 512 1414 absentis,
535 1343 699 1411 nescientis,
719 1343 923 1414 innocentisque
974 1345 1016 1395 est
1040 1335 1112 1393 illico
1134 1336 1255 1407 expauit,
1271 1344 1301 1392 ut
1329 1336 1366 1393 sit
1390 1335 1446 1405 ille,
1463 1337 1518 1409 28
1536 1337 1574 1393 nil
1587 1337 1766 1397 lortitcrausa

129 1442 316 1507 tomdeatim
332 1438 395 1496 ddei
408 1436 598 1509 quastioninil
612 1446 776 1494 reservatur.
791 1435 837 1495 Sic
851 1434 922 1492 loris
974 1431 1081 1491 seditio.
1115 1431 1168 1487 titi
1195 1441 1285 1487 umen
1316 1429 1383 1485 mibi
1405 1430 1465 1500 plus
1491 1445 1572 1499 quam
1604 1430 1713 1487 deceret
1733 1431 1768 1487 ad

130 1535 216 1599 turbe
229 1532 396 1600 facilitatem,
412 1546 465 1603 qua
479 1530 573 1599 voluit,
584 1530 720 1587 contraxit
737 1543 853 1599 persona
875 1543 923 1599 pe·
972 1539 1060 1595 genua
1075 1523 1196 1595 provolvi
1208 1539 1217 1588 3
1228 1521 1273 1579 elii
1287 1518 1623 1592 resalutareot,‘1lugere
1638 1531 1699 1592 bost
1713 1531 1768 1580 ⁸1²·

129 1625 240 1697 polaris.
266 1623 332 1681 Erat
354 1625 427 1681 enim
439 1624 499 1695 ipse
511 1623 636 1695 Paeonius
659 1621 753 1693 populi
778 1628 862 1692 totus,
876 1624 923 1693 qui
975 1614 1146 1682 tesamenti
1166 1624 1228 1686 post
1248 1615 1402 1683 columnam
1416 1614 1461 1670 alii
1482 1611 1582 1684 tristes‘,
1600 1614 1768 1686 vultuosique

130 1715 276 1775 tribunitiis
288 1715 396 1772 llatibus
409 1715 510 1772 erebro
522 1713 686 1773 seditionum
699 1714 809 1785 pelagus
824 1712 920 1785 impel-
972 1714 1072 1786 iuuetis
1084 1714 1151 1771 milti
1174 1714 1301 1773 lateribus
1321 1714 1456 1771 incedere.
1477 1714 1526 1773 llic
1548 1730 1609 1788 ego,
1633 1717 1699 1788 quid
1715 1716 1769 1775 sibi

130 1810 207 1879 ieret.
222 1809 393 1867 Ceterumsi
412 1808 582 1879 requisisses,
603 1807 649 1879 qui
672 1821 768 1877 genus,
784 1804 855 1861 unde
868 1805 917 1861 do·
977 1807 1035 1865 lasse
1051 1808 1233 1866 uelletioillis
1258 1808 1392 1878 superbias
1415 1807 1514 1877 nimie,
1536 1810 1564 1865 in
1587 1810 1645 1868 istis
1659 1813 1767 1869 bumili-

131 1917 195 1968 m⁰i
220 1916 273 1957 ¹¹⁰ss
294 1900 455 1956 θῐῦῑῦθῐῑῑῑΰθ
469 1907 577 1969 ‘illm'
602 1897 800 1966 ffl⁰¹¹i⁰5l>²¹i¹0¹
820 1903 917 1953 ¹1²1ssss
934 1886 959 1949 Β
972 1902 1035 1959 tatis
1048 1902 1132 1957 lornaa
1143 1944 1151 1972 ‚
1163 1902 1266 1968 mirari,
1282 1915 1333 1957 uec
1347 1901 1418 1958 ultro
1428 1909 1517 1958 mmeu
1540 1915 1636 1959 causas
1652 1904 1769 1961 iuterro-

132 2008 294 2067 quemquem
309 1996 379 2048 litlot·
393 1992 532 2064 inillam
548 1991 686 2061 cognosci,
709 1990 817 2045 claritas
831 1987 920 2044 vilrici
971 2011 1120 2068 sumum
1140 1996 1302 2053 subornatus
1324 2012 1394 2052 unus
1410 2013 1426 2052 g
1440 1996 1517 2053 turb·
1531 1996 1706 2054 factiosorum
1721 1980 1770 2054 dab

131 2092 215 2160 magis
230 2102 310 2160 quem
325 2086 523 2158 patris'lecerit.
542 2082 689 2139 identidem
714 2089 803 2137 mmen
817 2097 865 2151 per
880 2080 920 2136 las
971 2105 1033 2146 me
1047 2089 1112 2145 mibi
1127 2089 1359 2146 consalutandum.
1371 2088 1447 2145 Tunc
1457 2089 1620 2160 procedente
1631 2105 1768 2160 sermone,

130 2182 260 2253 solasque
271 2193 393 2237 creseere
406 2180 552 2244 affectatum
566 2176 743 2248 pecuniaeque
763 2190 811 2246 per
834 2173 921 2231 asari·

131 2274 196 2333 tiam
212 2288 319 2344 parcus,
334 2287 382 2343 per
396 2272 525 2328 ambitum
538 2270 678 2340 prodigus.
692 2268 812 2338 Namque
833 2278 862 2325 ut
882 2267 921 2323 la-

132 2371 213 2437 miliae
225 2370 358 2440 superiori
383 2382 431 2437 per
450 2367 532 2422 liliam
556 2366 647 2421 saltim
670 2379 824 2435 quanquam
837 2363 921 2421 boue-

130 2464 276 2521 atissimam
289 2463 457 2534 jungeretur,
475 2470 569 2516 contra
587 2458 704 2528 rigorem
726 2457 805 2513 citici
819 2456 920 2521 moris,

130 2555 310 2629 splendidam,
324 2564 355 2611 ut
367 2555 466 2619 lerunt,
483 2552 574 2608 dotem
586 2548 717 2607 Chremes
739 2557 830 2605 noster
845 2549 923 2603 Pam-

130 2649 204 2722 pallo
216 2664 267 2706 suo
279 2648 393 2705 direrat.
420 2646 541 2716 Cumque
554 2644 589 2699 de
602 2642 769 2712 capessendo
783 2640 920 2697 diadema·

132 2751 159 2800 te
172 2743 186 2783 ὕ
198 2742 348 2813 maturatio
362 2738 533 2795 llarcelliana
545 2745 719 2806 coqueretur,
736 2732 869 2790 nobilium
879 2732 922 2802 Ju-

971 2181 1067 2239 Cernis
1081 2182 1151 2239 boel
1162 2183 1259 2254 inquit.
1271 2182 1305 2238 m
1317 2196 1377 2252 ugo,
1389 2182 1484 2251 Video,
1497 2183 1769 2253 inquamgestusque

972 2290 1066 2331 eorum
1079 2275 1164 2330 miror
1178 2275 1315 2345 equidem,
1335 2289 1385 2332 nec
1397 2275 1526 2331 admiror.
1550 2274 1592 2331 sd
1606 2274 1663 2331 ltaec
1677 2285 1769 2332 noster

972 2368 1176 2439 interpres:th
1198 2367 1421 2440 satyrographum
1440 2378 1476 2434 te,
1498 2368 1596 2439 inquit,
1620 2379 1669 2424 aut
1688 2384 1768 2426 exse·

972 2468 1092 2528 uantur,
1108 2470 1154 2516 aut
1168 2459 1355 2517 reformidant.
1371 2461 1470 2519 Unde?
1481 2461 1608 2533 quaudo!
1618 2463 1764 2533 respondi:

973 2554 1032 2624 quis
1053 2553 1155 2610 crimen
1182 2555 1314 2625 agnoritl
1330 2556 1391 2625 quis
1410 2556 1521 2612 detulit?
1542 2557 1604 2628 quis
1623 2557 1768 2629 probaritl

973 2645 1086 2716 Moxque
1100 2645 1262 2702 subridens:
1276 2646 1371 2719 Perge,
1393 2647 1514 2719 inquam,
1525 2649 1623 2716 amice,
1641 2649 1692 2705 nisi
1707 2666 1768 2705 mo-

974 2736 1069 2790 lestum
1086 2745 1137 2806 est,
1152 2747 1179 2792 et
1193 2746 1377 2801 tumescentes
1402 2743 1511 2797 nomine
1534 2756 1594 2797 meo
1621 2743 1767 2800 consulere

130 2835 231 2891 sequuti
246 2831 403 2903 signiferum
413 2844 476 2886 sese
488 2831 516 2884 in
533 2827 648 2883 faotione
659 2824 825 2896 prebuerat:
841 2824 922 2878 homo
973 2829 1093 2900 dignare,
1107 2842 1259 2887 utrumnum
1270 2832 1426 2903 illcdelator
1436 2843 1481 2888 um
1492 2834 1581 2901 iudet,
1593 2837 1637 2905 qui
1649 2848 1768 2906 satyrum

130 2926 219 2985 adbuc
232 2940 317 2982 norea
331 2926 358 2980 in
370 2930 519 2983 senectute
538 2920 626 2978 donec
649 2918 793 2990 aliquando
813 2926 922 2989 propter
973 2936 1018 2978 me
1031 2922 1172 2993 scripsisse
1184 2922 1324 2992 conlinit,
1338 2934 1367 2981 et
1380 2925 1570 2996 perscripsisse
1589 2926 1766 2982 continuerit:

130 3019 315 3090 experimenta
328 3015 416 3073 lelleis
429 3015 558 3080 audacie,
576 3012 704 3069 natalium
719 3012 781 3083 ejus
801 3010 924 3068 obscuri·
974 3013 1044 3068 ande
1065 3012 1135 3069 lorte
1156 3014 1190 3069 sit
1215 3016 1297 3071 tutius
1318 3020 1340 3072 sl
1361 3018 1552 3085 retractabunt,
1575 3026 1605 3073 ut
1628 3019 1768 3089 superbire

131 3110 179 3167 tati
199 3109 273 3166 dedit
300 3107 398 3163 biantis
422 3103 569 3175 interregni
595 3104 661 3160 rima
687 3103 829 3174 iulgorem.
855 3102 922 3159 Nam
974 3104 1113 3161 desistant.
1128 3105 1205 3172 Quod
1220 3107 1265 3163 ubi
1280 3108 1391 3166 nuntius
1405 3110 1508 3177 retulit,
1529 3111 1652 3180 protinus
1674 3109 1769 3166 cuncti

133 3210 245 3259 ramata
258 3199 330 3265 aula,
347 3198 507 3267 turbataque
526 3195 677 3265 republica,
701 3195 777 3251 selus
800 3195 923 3252 inventus
975 3212 1029 3254 noa
1043 3197 1174 3265 modeste,
1187 3213 1277 3268 aeque
1287 3199 1396 3272 singuli,
1410 3202 1457 3258 sed
1472 3215 1586 3272 propere
1603 3210 1630 3257 et
1643 3211 1767 3258 caterua-

132 3300 184 3362 ast,
198 3292 244 3363 qai
258 3292 292 3347 ad
320 3289 421 3347 Gallias
440 3286 681 3351 administrandus,
705 3286 821 3343 lascibua
849 3287 924 3356 prius
936 3265 963 3333 (ἶ
976 3290 1025 3344 tim
1039 3291 1130 3346 oscula
1145 3305 1179 3348 ac
1190 3292 1317 3349 deuteras
1336 3293 1403 3348 mibi
1426 3293 1567 3349 dederunt.
1592 3293 1672 3350 Solus
1686 3292 1768 3351 cuno

132 3396 213 3455 qaam
226 3382 359 3439 codicillis
373 3392 456 3437 ausus
471 3378 583 3449 accingi,
604 3377 741 3435 mensibus
764 3377 854 3434 multis
877 3379 924 3434 tri·
976 3384 1103 3450 meus,ia
1117 3384 1314 3455 translegamm
1328 3384 1469 3456 perlldiam
1483 3386 1613 3452 invectus,
1635 3400 1697 3440 enm
1716 3385 1767 3442 ad·

131 3478 215 3535 bauai
238 3468 382 3533 illustrium
414 3482 576 3546 potestatum
601 3470 755 3542 spectabilis
781 3471 924 3542 praelectus
975 3485 1187 3545 vesperasceret,
1203 3491 1251 3548 per
1263 3476 1447 3534 cathedrarios
1458 3490 1552 3534 serrat
1577 3476 1768 3546 vespilionibus

131 3573 309 3631 amandaret:
323 3586 394 3626 anuto
405 3578 511 3641 peracto
526 3567 629 3623 nulline
640 3575 768 3623 extremae
778 3564 923 3622 terminum
976 3568 1101 3623 tetriores
1113 3568 1224 3624 domum
1236 3577 1329 3640 raptus
1341 3576 1535 3638 acreportatus
1556 3575 1609 3624 eat.
1630 3566 1768 3625 Postridie

132 3665 205 3721 eirca
217 3664 262 3720 rin
276 3664 433 3729 honoratus,
449 3669 461 3700 ⁸
477 3660 693 3715 nuiuaerariorum
707 3673 794 3721 more,
813 3671 862 3714 seu
874 3670 923 3727 po·
975 3654 1056 3729 iuisit
1067 3644 1203 3732 degustas
1214 3669 1244 3714 nt
1257 3661 1339 3730 epulo
1349 3673 1400 3716 suo
1413 3659 1579 3716 fflcensibus
1600 3658 1672 3715 ladis
1682 3660 1767 3715 iater-

132 3750 186 3815 tius
203 3757 406 3823 sommiorum,
430 3767 544 3826 quorum
562 3765 624 3808 cam
644 3751 774 3809 liniuntur
789 3751 921 3820 actiones,
977 3760 1143 3809 essemus·
1170 3752 1277 3809 Primus
1299 3751 1406 3823 jacebm
1425 3765 1509 3808 cornu
1536 3748 1648 3807 sinistro
1672 3749 1766 3807 comm

167 3962 277 4033 ⁸(iulus
289 3962 414 4018 nimirum
429 3961 545 4031 majores
564 3960 697 4032 publicam
710 3959 809 4015 nullam
833 3959 920 4029 digni-
972 3973 1016 4014 ma
1030 3959 1138 4015 cedde
1154 3959 1329 4017 Numerariis.
1345 3961 1419 4019 idem
1437 3959 1565 4032 iudicium
1578 3957 1612 4015 de
1626 3957 1765 4016 aduocatis

130 4041 212 4093 ntem
225 4035 378 4117 attigerant,
390 4032 437 4090 sed
450 4034 516 4088 intra
532 4034 736 4102 municipiorum
750 4045 859 4092 auorum
871 4030 919 4087 bu·
972 4031 1140 4100 praleeturse
1150 4033 1300 4102 utriusque,
1314 4034 1359 4118 qui
1373 4040 1435 4103 post
1447 4031 1565 4088 ollieium
1574 4030 1711 4100 expletum
1725 4031 1766 4085 dl·

131 4122 213 4163 atores
226 4119 258 4161 ac
278 4120 338 4174 quta
363 4112 568 4159 consenuerunt.
593 4101 734 4171 Quomodo
756 4112 783 4157 et
807 4102 918 4171 Augusti
973 4101 1149 4159 mittebantur
1163 4117 1224 4159 cum
1238 4103 1363 4159 comitisa
1374 4102 1579 4166 consistoriaua,
1595 4101 1614 4155 l.
1631 4100 1696 4157 8de
1711 4101 1766 4155 dd·

131 4191 210 4233 arum
230 4175 436 4241 municipalibus
453 4174 506 4243 22
529 4175 688 4242 magisteriis
709 4172 920 4225 contentumui·
973 4173 1191 4229 uocatiedtvers.
1211 4172 1343 4242 judicum.
1371 4172 1438 4229 Cum
1468 4173 1510 4227 lais
1534 4186 1598 4243 crgo
1624 4169 1764 4226 Pmoniunt

131 4246 207 4301 uisse
220 4252 310 4298 narrat
324 4242 468 4298 Suetonius
482 4258 542 4310 cap.
552 4242 580 4296 i.
595 4242 690 4297 Cicero
703 4256 752 4310 pro
764 4240 837 4311 Sylla
852 4258 858 4294 :
872 4239 918 4296 list
973 4250 1121 4312 comparat,
1135 4244 1181 4313 qui
1195 4242 1363 4314 praelectum
1375 4258 1456 4314 quam
1479 4250 1629 4308 usurparat,
1653 4241 1764 4297 codicil-

131 4314 199 4372 rttirtt
212 4315 267 4383 ipae
282 4327 425 4377 omninno
452 4327 542 4381 genere
562 4311 738 4382 municipalia.
764 4310 919 4381 Eodemque
973 4312 1014 4367 los
1029 4315 1099 4368 circa
1115 4313 1195 4369 linem
1212 4324 1315 4369 tantum
1327 4312 1565 4370 administrationis
1575 4321 1727 4383 acceperat.

130 4399 223 4450 muto,
238 4382 300 4452 quia
326 4384 353 4438 in
375 4380 527 4449 municipiis
549 4380 691 4437 bumiliora
713 4390 742 4436 ot
763 4381 918 4437 obscuriora
1007 4381 1137 4451 doninus
1152 4385 1274 4441 uidelicet
1284 4385 1415 4441 relectum
1430 4394 1488 4441 erat
1510 4383 1598 4440 lorum
1622 4382 1764 4438 Arelaten-

131 4454 309 4518 tantomnia,
328 4449 637 4519 municipalemseltolusr
656 4451 790 4507 drusonlus
805 4451 917 4507 adtira·
970 4464 1053 4521 se,ut
1077 4454 1191 4511 aliarum
1211 4454 1270 4511 lere
1290 4454 1438 4511 ciuitatem.
1466 4454 1583 4511 ioannes
1612 4452 1763 4509 Maxentius

132 4525 247 4589 danum,
261 4534 288 4579 et
302 4523 428 4580 Sidonium
443 4522 489 4578 bb.
504 4537 540 4587 ra,
558 4522 586 4585 5,
605 4522 773 4587 municipales
793 4532 919 4592 oratores,
971 4523 998 4579 io
1009 4525 1155 4595 Apologia:
1171 4525 1204 4582 ln
1237 4526 1349 4582 uilicum
1367 4541 1447 4595 nsque
1455 4523 1660 4598 predicendum
1674 4540 1764 4594 regant

131 4594 291 4655 intermine
304 4593 338 4649 ad
352 4593 470 4651 Felicem
483 4592 652 4663 municipales
663 4601 749 4669 poetes
763 4592 830 4648 dixit
841 4593 918 4664 igno·
971 4596 1155 4651 edendarum
1171 4543 1347 4654 incssrrraster.
1371 4597 1412 4652 bd
1427 4597 1498 4653 burm
1513 4610 1577 4651 uero
1593 4609 1698 4651 morem
1722 4608 1764 4650 oc·

131 4663 199 4723 bilsa
212 4665 387 4722 etobscoroa.
971 4665 1091 4721 cultandi
1103 4681 1132 4722 sc
1147 4675 1208 4736 post
1216 4668 1356 4723 columnas
1369 4667 1467 4722 alludit
1481 4664 1597 4722 basilios
1609 4664 1643 4721 de
1658 4666 1763 4721 lettera·

167 4733 358 4791 innuerunt
376 4733 574 4805 patricii,detii
596 4732 731 4804 quondam
755 4732 915 4803 lamilitris;
973 4736 1076 4792 toribus
1086 4751 1179 4806 agens,
1188 4752 1301 4808 quoram
1312 4751 1453 4793 occursum
1462 4736 1599 4795 declinant
1609 4732 1761 4795 debitores:

130 4820 212 4878 quun
225 4813 374 4861 auctorest
394 4804 540 4874 Procopius
556 4802 731 4866 t·Vattdaliti.
746 4818 817 4861 eaeso
838 4780 1059 4869 aetioDodirte
1090 4810 1189 4870 πύκτης
1217 4809 1283 4864 οὕτω
1310 4813 1359 4870 τὰς
1384 4809 1483 4882 πληγὰς
1504 4813 1550 4863 τοῦ
1570 4809 1762 4879 &quamuis

130 4876 212 4934 debut
224 4875 333 4932 norbin
349 4875 480 4958 disimilis
492 4874 637 4958 studebitis,
653 4874 851 4957 potentiamque
865 4877 917 4932 sibi
968 4878 1115 4965 duepsdpn,
1128 4879 1181 4940 dei
1191 4875 1414 4968 ddusrdo'praofroi
1429 4879 1605 4967 zprieraufc'rr
1616 4882 1763 4963 eustsrgier

130 4943 917 5099 ιιιιιιιιιιιιιιιιι
967 4955 1512 5081 ιιιιιιιιιιιιι
1525 4947 1763 5087 musti}

167 5101 213 5142 ttm
225 5101 300 5152 sero,
315 5101 393 5155 cuiqam
405 5100 573 5143 occasionem
594 5095 689 5142 nactus
702 5086 825 5142 Paeoarus
845 5103 915 5156 prm·
967 5088 1018 5145 iile
1040 5107 1140 5156 premes
1166 5092 1287 5145 delatoris
1310 5092 1424 5161 singulos
1448 5097 1588 5154 nminat,
1617 5095 1764 5153 aucupatam

142 5168 262 5212 suturam
277 5156 442 5213 Gallicanam
454 5158 577 5226 arripuit,
589 5172 642 5212 uon
661 5165 721 5225 pust
737 5156 845 5212 blauimi
863 5173 915 5213 cre·
966 5161 1101 5230 dedecus:
1121 5162 1169 5216 iste
1180 5163 1302 5215 contineo
1315 5169 1371 5231 post
1381 5161 1514 5215 adamae·
1527 5166 1604 5229 ceput
1615 5157 1762 5215 obumbret.

131 5225 194 5283 dem
216 5226 260 5282 eui
285 5223 379 5283 dsitus
398 5241 460 5282 mot
486 5227 624 5294 suecessit,
639 5226 763 5282 sedante
775 5227 914 5297 llajoriani
1007 5240 1019 5271 ι
1040 5233 1135 5300 opera
1150 5232 1267 5302 pretium
1281 5242 1322 5284 est
1334 5246 1387 5300 quo
1401 5233 1513 5300 quisque
1526 5229 1586 5285 loco
1604 5228 1696 5297 iaceat
1715 5230 1765 5287 ob·

131 5296 262 5366 auspicia,
277 5307 466 5366 postereptam
481 5297 560 5353 brito
574 5299 726 5367 imperium.
742 5296 808 5352 Nam
822 5297 915 5354 decem
970 5316 1089 5364 serrare,
1105 5308 1134 5356 ut
1147 5306 1197 5356 boe
1211 5300 1335 5367 exemplo
1348 5301 1504 5365 doceamur,
1515 5300 1561 5370 qui
1575 5298 1639 5354 olim
1653 5313 1766 5355 mcum·

131 5367 248 5438 amplius
259 5366 392 5423 eternium
416 5367 465 5423 luit
482 5368 662 5437 intervallum,
677 5378 705 5424 et
723 5368 828 5424 turbata
848 5368 916 5426 Rici·
970 5371 1051 5427 bendi
1065 5372 1132 5426 ordo
1145 5371 1225 5425 luerit
1236 5373 1265 5425 in
1276 5371 1400 5440 sigmate,
1419 5373 1523 5428 bocest
1536 5370 1564 5425 iu
1583 5368 1701 5424 stibadio
1714 5385 1765 5427 sea

132 5439 215 5494 meris
229 5438 386 5493 lectionibus
399 5438 558 5507 respublica.
971 5440 1042 5497 lecto
1053 5441 1248 5496 semirotundo.
1262 5440 1291 5495 in
1305 5442 1418 5508 sigmate
1433 5442 1505 5497 enim
1520 5440 1570 5495 iait
1580 5439 1692 5508 epulum
1707 5442 1766 5497 lla-

168 5520 180 5549 ⁸
196 5511 410 5565 Numerarioram
423 5524 518 5566 munus
531 5509 647 5578 dignitas
660 5524 714 5566 nou
727 5519 780 5576 est,
804 5511 852 5567 sed
876 5510 917 5567 ol·
968 5511 1073 5579 joriard.
1089 5511 1215 5580 Sigmatis
1230 5525 1312 5581 porro
1325 5513 1378 5567 duo
1392 5521 1471 5568 erasit
1480 5521 1601 5568 extrema
1613 5511 1689 5567 velut
1698 5526 1766 5568 cor·

133 5578 221 5634 lucium
238 5579 384 5649 dignitatis.
397 5580 533 5650 Principes
547 5591 636 5636 turuncn
651 5580 812 5637 numerariis
830 5582 916 5652 quiin
968 5597 1032 5637 uua.
1045 5582 1111 5635 tium
1127 5581 1207 5651 igitur
1233 5584 1260 5636 in
1284 5583 1379 5638 dextro
1401 5583 1509 5640 stibadii
1533 5596 1620 5637 oeruu
1647 5581 1767 5640 collocet

131 5649 219 5705 olticio
235 5652 351 5719 praelecti
368 5659 444 5721 praet.
463 5652 585 5707 militiam
607 5654 780 5719 deponerent,
805 5650 915 5708 honoris
968 5652 1153 5717 llajoriunnm,
1169 5651 1766 5714 iusinistroconsulemSeverinumdubium

133 5722 532 5850 ffifflgatae‘mdecireaffit‘.
548 5726 588 5777 de
603 5721 915 5848 Ἓοιζίἑῐιὲιιίἑιξιιιιεὲιιιιὲἓ
967 5721 1020 5848 2?
1048 5723 1256 5849 trrggwesattquiu
1285 5724 1393 5849 prtimusi
1414 5722 1465 5805 ille·
1485 5724 1565 5848 1Ιιῖξιιι
1591 5721 1704 5778 babitus
1730 5727 1768 5849 sili

357 5811 371 5846 'd
533 5811 539 5846 :
859 5812 871 5847 s·
1220 5810 1243 5847 itt
1692 5810 1710 5847 ΙΙ
1759 5835 1767 5851 .

131 5859 200 5927 dog.
212 5807 264 5926 eor
274 5809 520 5920 noniano-uns
533 5806 670 5931 diffindi
686 5860 802 5927 ornarit.
818 5860 838 5919 l.
851 5862 914 5919 aiti-
965 5808 1060 5933 m
1075 5864 1102 5921 ia
1116 5808 1158 5922 lips
1172 5806 1767 5935 opiaspre'estoqt'rogrffir‘e'marffiuboatbbn
