3810 6254
129 133 182 193 lul
428 181 432 186 .
757 128 880 189 sloumt
900 124 1129 191 APOthNthS

129 245 210 321 368
222 247 302 304 Forte
314 247 381 318 dies,
397 254 508 305 matrem
521 244 604 301 celeri
619 243 684 314 petit
698 241 756 315 ipse
769 242 871 298 uolatu.
938 244 963 301 Α
978 239 1148 312 llygdonium
1163 239 1257 299 lovere
1267 237 1378 307 llidam
1394 237 1440 310 qui
1449 251 1553 313 pauper
1567 238 1594 295 in
1607 253 1676 295 auro

128 336 210 409 Culus
224 339 277 401 lar,
291 353 378 403 arcus,
395 345 408 374 ι
421 346 530 409 corytus
547 333 699 406 pendebat:
712 343 739 389 at
752 331 797 388 ille
975 332 1076 387 Ditarit
1089 331 1175 387 versis
1188 330 1291 387 Pactoli
1303 329 1415 386 llumina
1428 329 1507 386 rotis.

128 426 261 495 Cernens,
277 437 304 482 et
317 428 390 482 lena
405 426 521 496 pendens
537 425 564 479 in
580 425 700 495 margine.
716 424 822 495 palmae,
975 425 1105 496 Splendet
1117 425 1261 498 perspicuo
1275 422 1365 480 radios
1378 431 1437 480 tota
1451 422 1573 494 mamins
1585 422 1700 495 cingens

127 516 249 574 libratos
262 517 403 589 perinane
418 516 498 589 pedes
513 515 674 572 adverberat
690 516 750 584 alis,
973 519 1138 574 llarmarice
1150 517 1185 575 dc
1199 516 1275 574 lance
1287 516 1362 583 lerae,
1374 515 1437 571 dum
1451 516 1539 572 bellua
1551 515 1643 571 curris

126 611 223 669 Oscula
237 612 275 667 sic
288 612 382 669 matris
395 625 521 679 carpens,
535 624 685 681 somnoque
697 608 795 668 relusae
972 610 1102 667 Dentibus
1116 611 1237 668 excussis
1249 609 1332 680 gemit
1346 611 1512 665 exarmarier
1523 623 1582 665 ora.

125 700 295 770 semisopora
309 701 359 758 leui
373 701 512 774 scalpebat
525 701 624 757 lumina
641 716 737 774 penna.
973 701 1045 759 llisit
1057 709 1086 758 et
1097 701 1149 758 hoc
1164 715 1273 769 munus,
1288 700 1393 772 tepidas
1406 701 1453 772 qui
1466 701 1554 757 nudus
1563 701 1698 774 Erythras

125 792 191 849 Tum
204 793 279 864 prior
294 793 335 849 bis
348 793 438 849 alacer
453 793 545 864 coepit.
561 793 633 849 Nora
647 793 744 866 gaudia
760 803 838 865 porto
971 794 1103 853 Concolor
1117 794 1249 865 AEtbiopi.
1264 795 1306 852 uel
1322 796 1424 852 crinem
1439 795 1545 866 pinguis
1554 810 1664 854 amomo

124 881 221 943 Felicis
235 886 343 957 praeda,
358 886 487 959 genitrir;
509 886 580 941 calet
590 885 634 943 illc
646 887 779 956 superbus
972 888 1075 945 Fluxns
1084 889 1204 945 odoratis
1218 895 1299 946 uexat
1315 887 1456 944 senatibus
1470 887 1561 944 lndus.

123 976 247 1033 Ruricius
260 980 359 1037 nostris
371 979 486 1045 lacibus,
502 978 626 1050 dulcique
638 994 742 1037 ueneno
971 981 1019 1038 llla
1033 992 1122 1039 tamen
1138 982 1212 1052 pasci
1225 991 1316 1039 suetos
1330 997 1379 1052 per
1390 979 1498 1054 Cypron
1512 981 1603 1038 olores

123 1069 231 1139 Tactus,
248 1072 364 1129 uotiuum
379 1072 497 1143 suspirat
511 1071 593 1128 corde
607 1071 741 1130 dolorem.
970 1073 1071 1130 Vitiata
1083 1075 1189 1145 stringit
1202 1085 1301 1146 myrto,
1315 1075 1392 1143 queis
1407 1083 1504 1130 caetera
1520 1074 1606 1131 tenals

121 1162 204 1227 esset
218 1165 240 1222 si
252 1181 373 1240 praesens
386 1175 462 1232 aetas,
478 1166 647 1237 impenderet
656 1166 696 1223 illi
971 1167 1068 1224 Lactca
1085 1167 1200 1238 puniceo
1214 1166 1355 1222 menarrtur
1370 1168 1437 1222 colla
1451 1165 1564 1223 corallo.

123 1255 248 1317 Lemnias
262 1239 414 1327 imperium,
427 1255 524 1314 Cressa
537 1267 640 1315 stamen
654 1257 811 1330 labyrinthi,
1007 1258 1079 1330 Ergo
1093 1260 1145 1315 iter
1156 1258 1274 1329 aggressi
1288 1257 1427 1328 :pendens
1442 1267 1500 1314 rota
1514 1259 1602 1315 sulcat
1616 1259 1725 1318 lnauut

122 1346 229 1406 Alceste
242 1350 334 1415 uitam,
349 1348 428 1406 Circe
443 1348 553 1420 herbas,
570 1365 648 1422 poma
660 1349 785 1423 Calypso.
972 1354 1052 1417 hera,
1068 1362 1095 1407 et
1108 1351 1134 1406 in
1148 1350 1249 1421 liquido
1262 1364 1315 1405 non
1331 1349 1444 1406 soluitur
1456 1350 1543 1406 orbita
1558 1358 1657 1408 tracte.

121 1441 211 1513 Scylla
224 1457 325 1508 cernas,
341 1443 467 1500 Atalnma
482 1445 574 1512 pedes,
590 1442 682 1500 bledea
695 1443 811 1513 lusores,
970 1445 1019 1500 llic
1033 1443 1130 1514 triplex
1146 1458 1201 1500 uno
1213 1444 1356 1499 comitatur
1367 1441 1452 1512 gratia
1468 1457 1549 1508 nexu.

121 1533 287 1606 Hippodame
299 1549 386 1603 ceras,
401 1551 485 1609 cyeno
498 1536 566 1594 love
578 1547 640 1592 nata
655 1553 793 1619 epronam.
970 1538 1019 1593 llic
1033 1537 1136 1593 redolet
1148 1537 1241 1607 patulo
1253 1536 1367 1594 fortunae
1379 1536 1455 1606 copia
1467 1533 1565 1600 cornu,

121 1623 188 1683 fluic
202 1626 270 1683 Dido
285 1627 312 1681 in
328 1628 439 1694 lerrum,
453 1627 531 1685 simul
545 1628 572 1684 in
584 1629 729 1701 suspendia
743 1629 854 1704 Phyllis,
932 1601 1050 1702 3368
1063 1630 1113 1686 llic
1133 1628 1235 1700 spargit
1246 1627 1360 1684 calathis
1373 1627 1419 1683 sed
1435 1628 1515 1684 liores
1528 1628 1606 1682 Plora
1621 1640 1755 1698 perennes

120 1718 230 1777 Euadne
241 1721 268 1777 in
282 1720 418 1791 llannnas,
433 1729 461 1777 ct
474 1720 579 1779 Sestias
595 1723 660 1780 isset
670 1724 698 1781 in
714 1723 808 1782 undas.
968 1723 1016 1779 llic
1031 1724 1157 1779 Cererem
1171 1721 1288 1778 Siculam
1303 1718 1419 1776 Pharius
1432 1721 1577 1776 comitatur
1589 1720 1689 1786 osiris,

156 1810 203 1868 llis
216 1811 273 1867 haec
286 1812 330 1867 illu
344 1813 439 1871 relert.
454 1811 617 1881 Gaudemus,
636 1823 708 1883 nato,
724 1815 853 1872 rebellem
968 1815 1016 1871 llic
1029 1814 1154 1886 gravidos
1168 1813 1287 1869 Pomona
1302 1812 1377 1868 sinus
1392 1826 1441 1882 pro
1455 1819 1577 1883 tempore
1592 1820 1694 1884 portat,

120 1904 198 1972 Quod
210 1906 308 1976 uineis,
319 1904 466 1979 laudasque
478 1906 583 1972 uirum;
597 1907 643 1963 sed
657 1906 742 1964 lorma
754 1908 852 1978 puellae
863 1917 914 1974 est,
967 1906 1015 1962 llic
1032 1905 1121 1962 Pallas
1135 1905 1251 1986 madidis
1266 1903 1340 1961 uenit
1353 1904 1424 1960 inter
1437 1903 1510 1974 prela
1525 1905 1648 1974 trapetis.

119 1998 206 2068 Quam
221 1999 243 2054 si
257 2009 409 2069 spectasset
421 1998 555 2070 quondam
569 1998 759 2058 Stheneboeius
774 2000 867 2072 beros,
967 1999 1015 2054 ilic
1025 1997 1152 2054 distincta
1166 1999 1236 2054 latus
1250 1996 1387 2052 maculosa
1402 1995 1512 2052 nebride
1523 1995 1614 2068 Thyes

119 2091 178 2148 llos
193 2106 242 2166 pro
256 2101 412 2162 contemptu
426 2091 573 2150 domuisset
587 2104 708 2149 monstra
721 2093 857 2151 Chimera
869 2111 876 2148 :
966 2088 1055 2145 ludica
1069 2090 1201 2146 Echionio
1215 2088 1316 2145 Bromii
1329 2097 1400 2144 rotat
1413 2088 1487 2158 orgia
1501 2087 1606 2159 thyrso.

118 2183 379 2242 Thermodoontiaea
394 2185 437 2244 uel
452 2189 498 2258 qul
513 2185 643 2258 genitrice
656 2189 790 2258 superbus
965 2184 1014 2241 llic
1029 2192 1057 2239 et
1070 2183 1165 2254 signis
1178 2183 1311 2255 specubus
1323 2183 1369 2254 qui
1383 2179 1515 2252 Dindyma
1526 2179 1607 2247 ludit,

118 2276 225 2348 Spreuit
237 2278 376 2337 Gnosiacae
389 2280 531 2337 emeratis
547 2289 608 2337 uota
624 2297 756 2351 novercae,
964 2277 1022 2334 lam
1037 2288 1126 2335 sectus
1140 2277 1239 2334 reeslet
1248 2273 1383 2348 Corybas,
1399 2277 1441 2329 cui
1454 2282 1563 2345 gauere
1576 2286 1644 2328 raro

117 2369 174 2425 llac
189 2371 243 2426 risa
260 2370 406 2439 occiderat,
425 2373 521 2441 lateor,
539 2373 588 2430 sed
601 2375 715 2429 crimine
729 2389 803 2431 uero.
964 2369 1055 2442 lgnm
1070 2385 1117 2442 per
1131 2370 1231 2427 bilores
1244 2376 1388 2440 regemunt
1400 2382 1465 2423 cara
1479 2367 1550 2423 buxa
1562 2379 1709 2423 carmem.

117 2460 153 2518 bs
165 2464 187 2518 si
198 2463 299 2533 judicio
314 2465 404 2523 lorsan
418 2467 483 2523 milri
496 2477 590 2537 quarta
605 2468 708 2537 luisset,
998 2463 1043 2519 Sic
1054 2473 1166 2520 scutum
1180 2461 1213 2518 ad
1226 2461 1358 2518 thalamos
1376 2477 1383 2515 :
1399 2460 1475 2526 ihus,
1489 2458 1611 2527 nardus,
1626 2459 1804 2529 balsama,

117 2551 160 2610 lle
174 2569 279 2625 quoque
293 2555 405 2613 llboetea
418 2557 573 2616 damnasset
586 2559 599 2598 ¹³
611 2569 703 2631 pastor
713 2561 741 2616 in
755 2560 810 2629 lda,
870 2576 874 2591 ·
1196 2594 1202 2605 ·
1596 2551 1728 2626 lmlflhae

117 2643 233 2705 Vincere
246 2647 320 2707 nelei
331 2656 418 2720 optas,
435 2649 513 2706 istam
524 2649 559 2711 da
571 2652 641 2707 malo
656 2652 772 2723 puellam
963 2650 1011 2708 llic
1025 2658 1100 2717 sunt,
1115 2649 1160 2708 bic
1171 2649 1283 2720 phenix
1295 2648 1366 2704 busti
1382 2648 1429 2707 dat
1441 2648 1563 2705 cinnama
1576 2647 1644 2706 riri,

116 2737 234 2808 Dixerat,
251 2739 319 2797 banc
331 2740 459 2799 dederam
477 2742 590 2800 lormam
606 2759 781 2815 premanere
794 2744 907 2805 ionum:
961 2728 1088 2799 Proxima
1101 2744 1166 2816 quln
1179 2742 1260 2799 ctiam
1276 2741 1407 2798 lestorum
1420 2741 1511 2798 alllata
1524 2739 1630 2808 calore,

115 2829 216 2887 Tantus
228 2830 315 2889 bonor
325 2834 475 2906 geniusque
488 2835 566 2906 genis
577 2852 585 2890 a
597 2837 695 2894 collata
710 2837 801 2895 rubori
960 2836 1018 2892 lam
1030 2837 1119 2894 miuus
1132 2835 1205 2908 alget
1218 2835 1315 2903 biems,
1327 2834 1499 2906 speciemque
1514 2833 1636 2891 teneam
1648 2843 1810 2893 amunt-

114 2920 216 2982 Pallida
229 2925 312 2985 blatta
329 2926 405 2996 latet,
420 2927 602 3002 depressaque
616 2929 718 2987 lumine
730 2933 818 2988 uultus
921 2980 945 3041 c
961 2927 1018 2985 lloc
1030 2926 1095 2985 dant
1109 2935 1174 2984 rota
1187 2928 1257 2994 loco,
1275 2927 1346 2998 quod
1363 2940 1415 2983 non
1431 2925 1496 2982 dant
1508 2936 1631 2996 tempora
1645 2926 1810 2993 mundo-

114 3014 194 3086 367
208 3016 367 3097 lligrescpnt
379 3017 470 3076 uincto
483 3019 624 3076 baccarum
637 3018 740 3091 lulgtna
755 3022 835 3088 collo,
902 3015 907 3021 ’
962 3020 1029 3077 uun
1038 3020 1146 3093 juvetis
1159 3019 1283 3078 dextram
1299 3019 1401 3091 Paphie
1417 3018 1596 3091 dextramque
1605 3019 1709 3093 ptteilae

114 3103 152 3162 'le
164 3122 273 3178 quoque
288 3108 456 3167 multimodis
469 3111 599 3168 ambisset
612 3111 698 3168 iberia
712 3114 791 3182 ludis,
960 3112 1159 3187 complectens,
1175 3115 1267 3187 paucis
1280 3112 1380 3171 cecinit
1391 3113 1523 3171 solemnia
1535 3112 1627 3181 detis,

114 3197 172 3254 Axe
184 3199 298 3272 Pelops,
313 3215 393 3259 cursu
406 3201 608 3274 Hippomenes,
622 3205 746 3276 luctaque
760 3207 904 3277 Achelous,
961 3206 999 3263 Ne
1013 3206 1133 3266 lacerent
1147 3207 1190 3264 rel
1200 3207 1280 3264 uerba
1291 3220 1410 3272 moram;
1431 3205 1558 3265 Peliciter
1569 3220 1662 3263 aerum

113 3290 214 3346 AEneas
231 3292 325 3360 bellis,
340 3303 476 3366 spectatus
490 3294 614 3368 Gorgone
626 3297 748 3357 Perseus.
962 3300 1055 3356 Ducite
1066 3299 1229 3365 concordes,
1250 3300 1305 3357 sint
1318 3299 1385 3361 nati,
1399 3297 1507 3369 simque
1517 3307 1645 3371 nepotas,

113 3383 168 3440 Nec
181 3385 268 3443 minor
282 3387 340 3443 bec
349 3388 473 3459 species,
489 3391 568 3449 toties
579 3392 621 3447 cui
633 3390 754 3464 luppiter
766 3403 838 3454 esset
959 3392 1059 3449 Cernat
1070 3402 1099 3451 et
1112 3393 1138 3449 ln
1154 3406 1255 3464 proavo
1269 3391 1378 3448 sibimet
1391 3388 1462 3462 quod
1476 3403 1615 3465 pronepos
1626 3398 1717 3465 optet.

113 3487 125 3518 ι
141 3477 234 3547 Delia,
250 3487 358 3553 murus,
372 3482 442 3553 olor,
455 3491 578 3556 satyrus,
593 3484 689 3554 draco,
706 3487 805 3545 inlrnen
818 3497 846 3547 et
858 3505 904 3549 au·
1248 3505 1391 3564 cggygqq
1410 3505 1466 3564 llll.

284 3666 290 3678 Ι
711 3612 714 3618 ’
786 3581 866 3653 [rum.
957 3604 971 3644 ἃ
989 3622 1023 3661 to
1042 3620 1069 3660 r.
1085 3593 1115 3661 s.
1134 3617 1312 3668 earutstrtutt,
1332 3616 1401 3665 ouon
1419 3615 1540 3658 exoratus
1557 3615 1774 3660 sessurum

111 3662 199 3733 omre
210 3678 269 3736 age,
279 3675 445 3740 pungentem
461 3684 523 3725 nam
537 3673 646 3737 densus,
658 3671 754 3741 lorma,
766 3689 904 3749 genusque
972 3691 1146 3733 atnsnnonurr
1165 3689 1363 3731 serruatarnuu
1382 3687 1509 3729 metusne
1528 3688 1580 3730 nou
1602 3688 1740 3731 vassus.

110 3755 295 3827 Conreuiuut;
314 3760 352 3818 nil
367 3760 410 3818 hic
423 3761 516 3835 dispar
529 3771 575 3819 tua
588 3764 645 3821 llxit
656 3764 769 3822 arundo.
989 3769 1058 3839 Quid
1073 3785 1127 3839 me,
1144 3777 1172 3825 et
1185 3767 1208 3823 si
1221 3766 1335 3832 ualeam,
1348 3780 1443 3836 parare
1457 3780 1567 3824 carmen

109 3847 163 3906 Sed
177 3850 240 3920 quid
255 3859 316 3907 tola
329 3853 441 3910 mororl
460 3852 542 3923 Dixit,
555 3871 720 3927 currumque
733 3861 865 3930 poposcit,
954 3858 1270 3932 Fescenninicolrejubes
1285 3859 1394 3924 Diones,

108 3941 156 3998 Cui
171 3943 301 4002 dederant
314 3946 439 4019 crystalla
450 3947 556 4020 iugum,
570 3966 629 4021 quar
642 3952 741 4022 lrigorc
756 3954 843 4022 primo
955 3958 1028 4015 lnter
1038 3957 1185 4027 crinigeras
1195 3954 1277 4010 situm
1292 3963 1423 4020 catervas,

107 4039 187 4096 Drbis
201 4040 289 4097 adhuc
304 4043 398 4110 teneri,
416 4045 514 4113 glacies
527 4047 572 4099 ubi
585 4046 722 4101 Caumson
738 4058 826 4117 auget,
954 4050 988 4105 lit
1001 4049 1160 4105 Germanica
1174 4046 1255 4102 uerba
1268 4046 1455 4112 sustinentem,

104 4129 219 4188 Strinxit
233 4134 413 4206 llyperboreis
425 4134 563 4192 Tanaitica
576 4149 664 4195 crusta
678 4138 791 4209 pruinis,
954 4140 1118 4196 Laudantem
1133 4135 1229 4194 tetrico
1242 4134 1356 4191 subinde
1369 4134 1453 4200 rultu,

106 4223 233 4281 Naturam
249 4243 357 4283 sumens
369 4243 492 4298 gemmae,
508 4234 569 4300 quia
581 4231 697 4301 perdidit
712 4233 800 4290 undae.
951 4233 1033 4306 369
1047 4230 1124 4300 Quod
1137 4228 1291 4300 Burgundio
1303 4235 1393 4283 cantat
1406 4224 1571 4291 esculentus,

106 4313 229 4370 Perlorat
243 4318 311 4372 banc
325 4317 399 4374 luluo
412 4318 543 4376 lormatus
556 4330 628 4378 teum
640 4325 748 4381 metallo
764 4343 771 4381 :
951 4325 1096 4382 lnlundens
1107 4324 1184 4381 acido
1197 4338 1301 4379 comam
1315 4319 1429 4392 butyrol
1567 4325 1573 4335 '

105 4402 214 4462 lliserat
226 4406 278 4465 boc
291 4408 397 4477 durius,
414 4412 489 4482 erius
501 4414 552 4471 sub
565 4417 670 4487 gurgite
684 4417 814 4489 Nymphas
908 4417 936 4478 D
948 4419 995 4479 lis
1009 4417 1097 4476 dicam
1110 4417 1159 4475 tibi
1171 4414 1234 4489 quid
1250 4428 1345 4486 poema
1358 4409 1481 4482 lrangati

140 4609 234 4666 ·ouas
251 4611 358 4681 priores
372 4613 399 4668 in
420 4624 517 4687 goryto
539 4616 676 4687 corripuit,
692 4630 791 4690 practer
809 4625 891 4694 etymi
949 4621 1131 4692 epigramma:

105 4682 244 4736 '³¹⁵⁰¹¹³¹¹¹·
264 4680 329 4736 ΝΜ·
352 4693 462 4756 gerynn
482 4697 523 4742 ⁶⁵¹
547 4691 674 4762 yepes„
689 4693 796 4763 propin
819 4697 891 4760 τόξου
1049 4714 1097 4766 ns
1124 4708 1214 4765 „oae-
1239 4713 1287 4762 ee
1306 4727 1332 4769 e
1353 4706 1420 4762 esra
1454 4724 1467 4764 r
1493 4699 1679 4779 andreaea
1710 4726 1712 4737 -

105 4753 175 4834 idae,
192 4761 220 4806 ut
233 4753 357 4824 pharetra
371 4757 539 4825 sagittarum,
552 4773 642 4829 sagina
661 4766 741 4818 scuti.
758 4763 891 4823 llornerus
1088 4731 1171 4841 lucidus
1195 4747 1232 4833 fed
1250 4727 1319 4840 ὥπξιε
1335 4722 1479 4834 ’Ἆντιξιξιξ
1505 4774 1615 4834 Δανάης·
1678 4722 1711 4782 μ

33 4870 37 4882 ,
104 4822 331 4899 iliadqahissre
345 4827 488 4889 τὸξοναύτ·
503 4851 540 4900 yn
558 4830 677 4888 aemilio
692 4850 741 4904 pro
754 4837 889 4903 pharetra,
1173 4801 1247 4903 ’,Ρ
1303 4817 1332 4901 ,'
1388 4887 1394 4899 ,
1483 4817 1489 4840 ’
1682 4884 1692 4897 ‚

104 4902 133 4973 ut
146 4894 216 4962 apud
225 4893 346 4975 ⁸Statium
357 4910 365 4950 a
375 4853 523 4953 caereis·
534 4851 622 4972 ἰκρία
640 4912 761 4975 qorqtmrs
773 4905 846 4973 tetis;
865 4917 892 4962 et
960 4965 966 4977 .
983 4891 1093 4977 md.
1105 4892 1268 4975 Catullinum
1286 4903 1371 4972 urruns
1387 4887 1529 4966 illustrem,
1544 4891 1573 4939 ct
1585 4884 1702 4940 eom-al

101 4963 255 5032 molossis,
271 4976 375 5037 qorytua
385 4967 516 5038 βιλοιήκη.
944 4966 998 5022 arbi
1011 4967 1170 5020 lamrltarern
1185 4962 1253 5045 disrt
1270 4959 1384 5042 epistola
1406 4958 1450 5025 lt,
1474 4954 1522 5010 hh.
1538 4969 1557 5008 t.
1574 4953 1618 5011 ab
1632 4952 1691 5012 hoe

137 5032 247 5088 ”Paris
265 5037 396 5104 lberiatn,
421 5040 524 5108 inquit,
541 5043 890 5115 ueienaepraeruttmrpq.
944 5046 1022 5106 gatus
1034 5047 1064 5093 ut
1079 5034 1278 5105 epithalamium
1291 5030 1432 5113 scriberet,
1445 5041 1478 5082 ne
1514 5034 1695 5095 tseposaeu

101 5103 371 5185 ris;isttmquesibi,
382 5111 403 5164 si
414 5115 487 5180 optio
500 5113 579 5180 loret,
592 5133 604 5165 a
619 5117 729 5172 ntedari
742 5117 889 5174 maluisset.
942 5107 1171 5180 burgundiones,
1196 5118 1255 5158 cunt
1281 5101 1418 5185 quibusu
1516 5106 1569 5152 tur.
1595 5095 1691 5152 llas(

138 5175 256 5246 ‘Draus
267 5179 326 5235 siue
341 5189 370 5235 ut
384 5182 410 5236 in
424 5183 535 5242 Polemii
548 5186 730 5255 epithalamio,
739 5187 868 5260 Dictynna
882 5206 888 5242 :
942 5180 1090 5263 crinigeros
1102 5185 1202 5239 locat,
1219 5185 1248 5231 ut
1269 5174 1386 5242 ¹0¹¹l⁰⁰⁵
1399 5169 1547 5226 Gflfffl¹¹¹⁰⁸
1567 5167 1687 5223 Lm*

145 5287 249 5353 lamque
260 5290 379 5343 loremln
389 5293 477 5346 iormas
489 5303 576 5357 mutat,
585 5298 675 5361 quibus
685 5298 727 5348 tlte
737 5307 828 5352 tenere
943 5249 1117 5347 Uandmmfs'
1127 5249 1251 5302 'nsum
1266 5250 1679 5366 praemfflqgffiffizgmupp

145 5351 168 5400 p
356 5355 364 5366 =
490 5360 498 5374 .
806 5378 810 5387 ,
942 5316 1399 5389 tusrtotat.qunles'lransrhenan

145 5355 888 5484 eldeumlmeempffepffiepegpuu
941 5383 1670 5507 rontemnereantffiqnnwrenqqem

100 5519 157 5584 ouo
172 5537 203 5577 ex
228 5524 288 5579 loeo
311 5534 383 5594 patet
396 5542 512 5596 quonam
527 5507 576 5583 hic
599 5527 694 5585 relerri
717 5529 825 5599 singula
838 5530 887 5587 de·
940 5459 1479 5605 Ξῖἔῧὲἷςαῖἐξατζὲῗὺὶῆξῗπᾚοόῒνῗιᾞ
1491 5457 1671 5597 matt&

97 5585 198 5661 Mlti,
222 5604 319 5665 praeter
331 5597 467 5666 Satyrurn‚
480 5599 525 5666 qui
546 5597 579 5653 ad
592 5597 748 5668 Antiopam.
763 5599 888 5657 diacon
941 5602 1147 5673 ιύφοαινομίνως
1157 5601 1183 5656 ie
1195 5600 1296 5668 plicet.

417 5721 470 5735 *nu-a
480 5728 503 5738 ...
