3810 6254
154 337 211 397 ιιι
819 323 942 386 turon
961 322 1124 385 urrunsts.
1312 377 1318 387 ,
1511 300 1516 307 ’
1741 320 1792 377 ιιι

83 494 87 501 ·
158 475 219 518 cum
235 459 383 530 iteunlogio
404 457 511 526 biensa,
527 462 553 511 et
577 452 720 524 Gregorius
740 451 850 522 llagnus
865 451 947 506 citato
960 441 987 512 tl
1000 447 1101 502 rituuiae
1119 443 1229 501 ciuitatis
1248 445 1379 516 cpiscqrm
1398 442 1501 515 scripsit
1525 441 1660 498 oduusrmt
1682 439 1793 496 Arianos

158 552 231 622 locui
248 552 293 621 qui
309 550 448 621 prolapsus
464 547 589 603 incarnis
602 547 741 618 flagitium,
756 543 873 601 diuinam
889 558 902 596 a
918 556 948 598 se
999 539 1092 596 tibrum
1105 554 1185 593 uuum
1201 546 1225 592 et
1245 538 1366 608 tongum,
1381 552 1455 607 quem
1468 532 1603 590 chacrico
1614 532 1668 605 rcqi
1685 530 1792 586 Vendu-

125 618 144 697 Ῐῖ
157 645 270 714 gratiam
282 641 425 711 repeliunt
437 655 489 695 non
501 649 590 709 posset
600 639 697 695 exinde
706 638 850 710 quidquam
862 635 947 707 loqui.
1000 630 1084 687 lorum
1108 647 1152 702 pu·
1175 647 1234 686 snos
1250 630 1407 714 rutundum
1432 626 1533 696 obtulit,
1545 628 1610 682 sicut
1625 642 1657 680 cs
1670 625 1793 695 proemio

159 739 198 793 De
218 736 320 792 duobus
340 734 455 804 idipsum
477 741 568 789 narrat
587 733 751 803 Procopius,
765 729 835 786 baud
847 729 949 801 absque
999 723 1057 778 libri
1072 724 1152 795 ipsius
1174 723 1261 777 ttttct.
1287 722 1397 791 Scripsit
1420 731 1443 775 et
1467 721 1498 776 de
1521 720 1668 789 penitentia
1690 718 1794 788 publico

159 831 259 885 erroris
276 834 323 882 aut
340 825 473 881 mendacii
496 825 657 895 suspicione.
679 823 812 879 Ceterum
827 819 871 879 rcl
886 813 949 877 lrluc
1000 817 1104 884 tibrum,
1125 819 1152 872 iu
1173 833 1223 888 quo
1235 824 1259 870 tt
1279 817 1394 888 regulum
1407 816 1507 872 uiuenti
1526 814 1702 886 penitentibus
1720 814 1795 878 iusta

160 919 292 972 :estimare
307 917 370 973 licet
388 932 469 988 quam
484 917 566 971 arcina
579 915 848 980 situirtnscastitas3
863 911 949 968 etilla
1001 908 1196 982 scripturarum
1219 909 1397 965 auctoritatem
1421 910 1510 964 statuit
1533 923 1543 962 :
1565 914 1589 962 ct
1611 908 1646 961 att
1668 904 1794 960 basilium

159 1010 297 1080 cypriani,
310 1010 368 1064 siue
379 1009 502 1078 origenis
516 1008 596 1064 uerba
610 1007 739 1077 replicare
753 1005 822 1060 libro
838 1004 872 1060 de
885 1003 947 1060 Siu-
1000 1005 1134 1072 querutum
1145 1018 1222 1072 super
1233 1013 1337 1056 ruortem
1350 1002 1398 1070 filii
1405 1000 1603 1055 consolatorium
1611 996 1739 1065 libellum,
1749 1011 1795 1066 spe

159 1101 300 1169 guluritate
309 1101 481 1168 clericorum,
492 1100 561 1155 haud
574 1099 652 1170 lougc
667 1098 701 1154 ab
714 1098 807 1154 initio:
821 1094 892 1152 ilors
905 1112 950 1168 per
1001 1097 1192 1152 resurrectionis
1203 1094 1315 1168 perlecta
1332 1095 1498 1149 instructione
1513 1093 1649 1147 utunitum.
1665 1088 1795 1146 uomitum

160 1198 282 1264 sentinam
295 1195 470 1267 acturusque
481 1207 623 1266 grassatur.
642 1193 770 1262 lienum,
786 1194 808 1248 ai
819 1210 869 1248 uou
882 1193 952 1247 uide·
1001 1189 1078 1244 oium
1087 1189 1341 1260 corruperuitmultua‚
1356 1204 1441 1259 quara
1452 1185 1673 1257 [ratribmsututt'r
1684 1184 1796 1254 proprie

159 1302 216 1340 ntur
231 1287 446 1342 ecitrdeiuteritrts
455 1287 634 1357 plurimorum.
646 1279 744 1354 Quuuti
758 1297 780 1343 ct
792 1287 879 1357 quoles
893 1287 950 1359 epi·
1001 1281 1243 1351 robustumque
1254 1282 1364 1352 diqcstus
1375 1280 1470 1335 serutari
1484 1280 1599 1351 requeti.
1615 1279 1676 1334 lites
1688 1277 1796 1334 Genua-

160 1377 243 1444 reem,
259 1385 282 1431 ct
294 1378 379 1432 clerici
389 1379 465 1432 rirrul
475 1387 499 1433 et
513 1379 583 1438 laici.
597 1386 653 1448 pust
667 1379 858 1450 confessionum
871 1379 952 1433 uicto·
1003 1373 1072 1431 (lius.
1086 1372 1162 1444 Quod
1170 1389 1234 1429 tero
1241 1371 1482 1442 PetrusEqullinus
1491 1371 1525 1428 ad
1533 1387 1570 1426 tut
1580 1369 1706 1427 calendas
1715 1369 1797 1425 ilaias

161 1470 307 1538 riorumque
331 1468 430 1523 calcata
443 1456 600 1534 certamine,
617 1477 673 1537 port
695 1467 822 1538 moqrtutia
841 1476 864 1521 et
879 1467 952 1538 sique
1003 1464 1170 1538 ejusobitnm
1179 1465 1328 1534 adnotavit,
1341 1465 1429 1520 hausit
1444 1463 1558 1521 tortasse
1569 1479 1603 1521 er
1615 1461 1798 1521 tabulisCala·

161 1560 201 1615 nel
213 1560 341 1614 mirabitis
360 1575 538 1631 usquequaque
555 1569 712 1627 monstratu,
735 1568 875 1613 noscuntur
895 1573 952 1611 cum
1003 1560 1108 1632 titanis,
1117 1576 1175 1632 qqae
1184 1574 1215 1615 ea
1229 1559 1285 1630 ipsa
1296 1559 1339 1613 die
1348 1558 1484 1614 Victorem
1492 1556 1635 1628 quemdam
1646 1563 1799 1614 memorant

160 1650 203 1706 tris
226 1651 341 1706 nutritus
365 1653 545 1723 uoutrcqmse,
567 1668 628 1706 cum
641 1651 729 1706 uolunt
747 1650 774 1704 tu
793 1650 851 1704 naui
866 1648 953 1720 [rcqiti
1004 1650 1041 1707 ibi
1056 1651 1217 1723 depositum.
1241 1651 1281 1706 Ex
1294 1650 1345 1707 boc
1362 1649 1436 1706 tonte
1447 1649 1553 1706 turbitlo
1565 1647 1661 1720 (Petri,
1674 1649 1797 1719 inquam,

163 1745 301 1815 nouique!
317 1746 432 1809 Quantos
454 1745 538 1800 teones
554 1744 652 1799 domuit
668 1759 721 1798 unu
733 1741 953 1810 muliebriuiufir-
1004 1743 1120 1815 Equilini
1137 1741 1302 1814 testimonio)
1318 1742 1458 1812 multiplex
1472 1741 1500 1796 iu
1520 1740 1686 1797 recentiores
1704 1753 1800 1795 mana·

162 1839 239 1892 mitur
253 1837 381 1905 delicate5
400 1854 457 1911 quc
471 1854 530 1893 curu
540 1840 572 1893 rit
581 1839 638 1893 uitia
656 1848 679 1893 et
693 1835 952 1908 suberectusque
967 1830 991 1898 B
1004 1835 1043 1893 uit
1055 1834 1221 1891 allucinatio.
1239 1834 1345 1894 Etenim
1360 1833 1522 1889 llaurolicus
1536 1830 1622 1888 abbas
1635 1830 1743 1888 Siculus
1757 1845 1800 1887 ea·

162 1929 238 1999 efficit
248 1929 381 2002 mutum!
1008 1925 1070 1983 dem
1085 1926 1128 1983 die
1143 1926 1243 1997 Aprilis
1255 1925 1383 1997 vigesima
1394 1924 1434 1981 sic
1445 1924 1526 1980 babet
1537 1923 1564 1978 in
1577 1936 1628 1979 suo
1641 1920 1801 1994 martyrolo-

455 2021 570 2078 GAPUT
590 2021 658 2077 xil.
1007 2023 1052 2095 gio
1067 2019 1152 2078 :lttm
1167 2021 1276 2077 Victoria
1289 2020 1496 2093 Curtboqiueutis
1509 2020 1633 2091 episcopi,
1645 2020 1693 2074 riri
1703 2019 1801 2075 dutic-

152 2096 153 2102 ¹
219 2112 307 2168 Victor
318 2114 449 2182 episcopus
462 2111 573 2166 Virtutis
588 2128 622 2165 ιιι
635 2121 738 2166 sauctus
758 2111 910 2166 uindicatus.
1007 2114 1077 2177 timi,
1091 2125 1203 2186 tempore
1214 2113 1343 2170 Arrcttcaii
1357 2113 1527 2183 imperatoria.
1539 2111 1635 2167 Petrus
1649 2108 1802 2166 Galesiuitts

201 2202 296 2259 Restat
309 2204 423 2272 quaestio
437 2203 508 2258 band
532 2204 600 2258 ieris
615 2204 760 2271 momenti,
786 2202 821 2259 tle
842 2187 959 2260 Victoris
1008 2202 1145 2263 Victorem
1159 2203 1230 2262 hunc
1245 2221 1278 2262 ex
1294 2203 1496 2274 Carthaginensi
1514 2203 1666 2260 Uticensem
1681 2201 1734 2259 sibi
1749 2202 1803 2258 lin·

165 2298 251 2354 nostri
262 2296 419 2367 apotheosi;
435 2296 469 2352 tle
481 2311 534 2366 qua
548 2295 600 2352 lroc
613 2304 716 2351 tautum
733 2296 793 2354 tlico
807 2337 815 2363 ,
827 2294 901 2352 nullo
914 2310 959 2352 me
1008 2296 1064 2364 xit;
1079 2297 1117 2352 sic
1130 2297 1200 2352 euim
1218 2297 1251 2352 ait
1261 2296 1294 2352 ad
1306 2295 1429 2370 eqmtlem
1442 2295 1513 2351 tliem
1528 2294 1628 2365 Aprilis
1639 2294 1674 2351 ut
1688 2311 1696 2348 ι
1723 2293 1804 2349 titire

165 2396 209 2446 sat
226 2388 303 2443 ltrmo
322 2388 488 2459 antiquitatis
503 2387 656 2444 testimonio
671 2387 767 2444 fulcire
780 2388 853 2444 illam
868 2400 957 2460 posse.
1008 2386 1037 2442 iu
1051 2387 1150 2458 Africo,
1167 2388 1198 2445 S.
1219 2386 1330 2444 Victoris
1344 2389 1457 2458 episcopi
1471 2399 1494 2443 tt
1509 2389 1673 2460 scrutemur.
1689 2387 1804 2444 buitu-

165 2479 230 2538 Scio
242 2481 267 2534 in
282 2477 398 2550 antiquis
411 2480 514 2549 aliquot
528 2479 665 2535 codicibus
680 2478 762 2535 tribui
777 2492 844 2549 opus
856 2479 891 2536 tle
904 2494 961 2551 per·
1009 2477 1049 2533 rit
1061 2477 1199 2549 Plrilippus
1216 2476 1356 2535 Ferrarius
1370 2493 1449 2550 quam
1463 2493 1493 2535 se
1514 2478 1541 2533 iu
1555 2488 1657 2549 partem
1667 2485 1804 2545 verterem

165 2572 304 2628 secutione
324 2571 449 2627 Africam
472 2579 565 2638 sancto
579 2570 679 2627 iictori
697 2573 841 2642 episcopo;
854 2570 902 2628 sed
916 2568 959 2627 blc
1010 2577 1154 2640 utrumqne
1167 2569 1237 2625 enim
1253 2568 1324 2626 horre
1333 2577 1470 2626 auctorem
1486 2568 1573 2625 citans
1583 2570 1610 2624 in
1624 2568 1747 2639 catalogo
1758 2581 1803 2638 ge

165 2665 262 2721 titulus
272 2681 287 2718 a
299 2664 471 2731 tibrarttsesu
486 2677 568 2732 penes
581 2677 648 2734 quos
661 2662 733 2718 nulla
745 2671 787 2719 est
800 2662 957 2733 aucurino,
1011 2660 1095 2717 uerali
1115 2671 1270 2718 sanctorum
1286 2662 1330 2733 qui
1350 2678 1404 2718 nun
1416 2669 1478 2717 sunt
1499 2661 1526 2717 in
1547 2660 1739 2733 martyrologio
1751 2659 1805 2716 Ro-

165 2765 321 2812 sanctorum
341 2756 437 2811 canoni
457 2768 617 2826 quemquam
632 2754 805 2811 inscribendi.
824 2755 883 2811 lien
900 2755 960 2826 qul·
1011 2767 1102 2822 mano,
1118 2752 1253 2810 Victorem
1272 2768 1360 2824 neque
1374 2754 1684 2824 Carthaginensemeum
1699 2751 1806 2807 lituro-

167 2846 229 2904 dent
252 2850 405 2918 conjectura
425 2855 484 2911 est,
498 2846 572 2902 illem
587 2847 668 2902 vitam
684 2855 776 2920 sancte
798 2847 920 2918 exegisse
932 2846 959 2902 lu
1011 2837 1082 2915 lico,
1104 2859 1190 2916 neque
1202 2859 1264 2901 curn
1282 2844 1420 2918 Galesirrio
1435 2841 1600 2911 Uticensem,
1617 2842 1666 2901 sed
1677 2844 1704 2900 in
1716 2842 1806 2903 ttrite

166 2939 302 3004 Sardinia.
314 2955 375 2994 cum
385 2947 458 2995 esset
467 2938 568 3009 primae
582 2939 754 3010 bysacenum
768 2947 849 3009 atque
860 2937 959 2994 ibidem
1012 2930 1168 3009 episcopum
1182 2936 1266 3004 dixit;
1280 2937 1386 3006 utrique
1399 2939 1513 2993 concors
1523 2976 1531 3004 ,
1543 2947 1569 2993 et
1584 2935 1707 2994 neutrius
1718 2936 1806 2992 errori

166 3031 301 3103 sepultum
312 3045 372 3088 esse
382 3032 452 3088 inter
461 3040 502 3087 tot
512 3031 578 3087 alios
594 3032 703 3097 heroes,
714 3031 756 3087 rel
771 3031 904 3099 advenas,
918 3033 960 3089 vei
1012 3030 1196 3087 subscribens.
1207 3027 1240 3085 lu
1252 3032 1341 3104 Africa
1354 3030 1451 3102 (inquit
1468 3030 1513 3085 die
1525 3029 1560 3086 so
1570 3029 1681 3101 Aprilis)
1693 3030 1725 3086 S.
1745 3029 1801 3085 tic

166 3123 316 3194 indigenas,
342 3122 486 3192 dequibus
504 3124 589 3177 multa
603 3123 713 3193 collegit
734 3122 853 3178 lacobus
867 3118 961 3180 Pintus
1013 3121 1076 3177 toris
1099 3123 1222 3194 episcopi.
1238 3121 1274 3178 bt
1296 3121 1430 3178 baronius
1451 3121 1520 3178 hauc
1536 3121 1654 3193 Scyllam
1668 3121 1807 3179 declinare

164 3214 196 3270 ln
210 3228 291 3284 opere
303 3213 337 3269 de
347 3213 454 3269 Christo
470 3213 608 3282 crucifixo,
621 3213 669 3269 lib.
683 3230 725 3281 ιιι,
740 3216 782 3270 tit.
793 3215 829 3280 t,
840 3215 905 3271 loco¹
916 3215 959 3271 ts.
974 3199 996 3265 C
1012 3215 1100 3285 nisus,
1110 3212 1183 3272 haud
1196 3208 1261 3270 satis
1274 3213 1368 3270 uincit
1379 3212 1560 3286 Charybdim
1573 3212 1607 3270 ad
1621 3213 1692 3270 diem
1705 3213 1806 3269 mensis

170 3303 270 3360 Verum
290 3319 337 3374 per
357 3304 431 3359 initia
454 3305 541 3359 octavi
564 3315 625 3375 post
643 3305 781 3361 Christum
803 3307 913 3374 seculi,
930 3310 964 3363 'et
1015 3308 1127 3377 nugustt
1147 3303 1203 3362 ts:
1223 3302 1306 3362 llticae
1319 3305 1346 3360 iu
1362 3304 1470 3375 ultrice,
1485 3305 1587 3375 inquit,
1616 3305 1681 3360 tecti
1695 3303 1807 3359 Victoris

168 3410 241 3452 anno
259 3396 360 3452 curisti
383 3395 435 3452 72⁰
453 3396 495 3469 (ut
518 3398 655 3452 existimat
674 3397 791 3469 Pictos),
810 3398 962 3456 Sardiniam
1014 3398 1172 3470 episcopi;a
1191 3414 1245 3469 qno
1258 3409 1287 3454 et
1303 3398 1482 3469 conscriptam
1498 3397 1642 3455 ilistoriarn
1654 3397 1807 3455 laudatico

167 3487 370 3545 devastantibus
383 3488 552 3556 sanareris,
567 3488 604 3543 ita
620 3490 717 3545 turbati
728 3500 791 3546 suut
805 3501 844 3547 tot
856 3501 962 3548 sancto·
1014 3482 1042 3547 in
1070 3488 1159 3546 unica
1186 3489 1383 3561 persecutionis
1410 3489 1526 3545 alllrmat
1544 3489 1570 3547 in
1596 3489 1681 3554 notis;
1700 3488 1733 3544 tle
1751 3503 1808 3561 que

166 3593 228 3638 rum
240 3580 351 3647 tumuli.
366 3589 398 3636 ut
410 3580 534 3635 maxime
546 3581 654 3636 illorum
680 3583 763 3650 partis
778 3584 850 3638 nulla
862 3593 963 3641 restem
1015 3590 1104 3639 tamen
1120 3580 1229 3639 llictore
1245 3582 1344 3638 mirum
1363 3590 1405 3639 est
1426 3596 1477 3638 nee
1496 3580 1607 3638 verbum
1626 3581 1686 3638 lieri
1700 3581 1806 3654 uspiam

168 3682 241 3728 certa
256 3673 388 3742 vestigia,
404 3673 524 3743 adeoque
549 3687 601 3729 uec
619 3674 736 3731 Victoris
752 3676 888 3744 lirensis3
912 3693 963 3735 nec
1014 3676 1085 3748 apud
1101 3675 1220 3746 lindam,
1235 3666 1568 3741 ventriloquorum,
1584 3674 1722 3730 [labanum
1733 3674 1808 3731 ilan-

163 3765 222 3821 ulla
245 3775 309 3820 sunt
335 3765 418 3837 (quotl
441 3764 537 3835 sclam)
557 3776 679 3823 ueterum
701 3769 963 3841 praeponuntur
1015 3785 1087 3837 rum,
1110 3770 1231 3840 aliosque
1246 3769 1379 3839 antiquos.
1404 3767 1519 3824 'lantum
1540 3766 1568 3822 in
1589 3767 1711 3824 usuardo
1734 3767 1808 3824 edito

167 3855 351 3913 Ecclesiarnm
371 3859 487 3928 antiquae
507 3860 605 3916 tabulae
618 3876 677 3931 quae
689 3861 725 3917 tle
749 3862 795 3918 illo
808 3869 961 3920 sauctorum
1014 3860 1134 3917 (inluuie
1147 3859 1180 3915 ad
1191 3854 1379 3925 annuml52l‚
1388 3872 1421 3915 ea
1436 3856 1479 3915 tlie
1491 3857 1602 3929 Augusti
1616 3857 1665 3925 23,
1678 3859 1717 3914 sic
1727 3858 1806 3930 lego:

163 3947 373 4022 tuns'cscrrpu
391 3951 471 4007 fldem
486 3952 593 4008 iaciant.
610 3954 707 4009 Petrus
721 3954 864 4026 episcopus
879 3956 962 4026 liqui·
1012 3952 1168 4008 Cmtucuir
1187 3952 1414 4024 Victoriscpiuopi
1422 3961 1446 4006 rt
1460 3951 1704 4024 ceuturcrimcunt
1714 3957 1806 4008 tamen

166 4040 239 4098 linus
255 4043 281 4097 in
296 4042 419 4113 catalogo
428 4053 583 4100 sanctornm
599 4045 645 4100 ub.
660 4061 686 4100 ru
696 4086 703 4111 ,
714 4060 775 4115 cap.
793 4048 841 4113 tu,
859 4047 960 4119 Victor,
1013 4042 1132 4101 illctoris
1156 4057 1203 4101 seu
1218 4043 1330 4100 Victorii
1343 4041 1552 4099 Cenomanensis
1567 4042 1739 4099 meminerint
1755 4043 1807 4100 alia

166 4133 273 4205 lnquit,
302 4134 538 4206 Cartbcqiuensium
570 4137 702 4207 epiecopus
734 4139 823 4209 floruit
853 4149 963 4211 torpore
1015 4139 1204 4210 ilartyrotcgia
1225 4138 1257 4192 ad
1282 4136 1414 4192 calendas·
1427 4136 1605 4207 Septembris.
1620 4136 1648 4191 lu
1662 4135 1808 4208 bocigitur

168 4224 300 4280 Αιιιιιιιιιι·
324 4225 484 4293 imperatoris
507 4241 517 4279 .·
543 4227 587 4295 qui
610 4226 750 4296 proectrrur
773 4227 912 4282 uirtutibus
938 4237 963 4282 et
1015 4231 1097 4286 totius
1111 4230 1277 4300 antiquitatis
1300 4226 1429 4296 silentio,
1446 4242 1531 4285 sacrre
1541 4227 1808 4300 liituumcougrega·

168 4313 960 4387 doctriuasuit.Aducrrururianoscourposur'ttitrrrmsuum.
1014 4319 1081 4374 tlonl
1109 4318 1315 4388 expendendum
1336 4317 1528 4388 relinquimus,
1553 4335 1616 4375 num
1641 4320 1732 4377 Victor
1760 4335 1808 4378 seu

167 4403 208 4460 Ite
224 4404 371 4473 penitentia
393 4405 486 4459 tibrum
505 4422 602 4473 uuum,
626 4410 653 4462 iu
666 4423 718 4479 quo
736 4410 837 4464 urenti
847 4409 962 4481 reputem
1014 4410 1148 4476 vitensis,
1164 4410 1222 4466 sire
1242 4408 1375 4466 Uticensis
1387 4411 1547 4481 episcopus,
1565 4421 1658 4469 auctor
1670 4411 1760 4483 operis
1774 4410 1809 4468 tie

168 4496 352 4567 penitentibus
356 4499 434 4567 justa
446 4495 638 4568 scripturarum
648 4503 829 4555 auctoritatem
836 4501 961 4556 instituit.
1014 4497 1205 4567 Persecuttoue
1215 4498 1396 4556 Africanasub
1405 4499 1542 4558 Geiserico
1552 4512 1579 4560 et
1591 4495 1726 4560 llunericc
1734 4502 1808 4560 tan-

168 4588 211 4644 eld
225 4587 352 4642 Rutilium
373 4591 508 4659 quemdum
531 4607 607 4662 super
632 4600 739 4647 mortem
761 4594 961 4649 completorium
974 4568 1002 4636 Ῑ)
1014 4589 1137 4649 (lalorurn
1148 4591 1266 4661 regibus,
1279 4589 1500 4665 rltevindicatus,
1516 4604 1544 4653 et
1556 4595 1583 4654 iu
1597 4601 1753 4652 sanctorum
1762 4606 1808 4650 cn·

167 4680 265 4737 tibrum
275 4696 372 4746 meatu,
387 4698 431 4751 cpe
444 4682 637 4737 resurrectionis
651 4683 801 4754 perlectum,
813 4695 836 4739 et
850 4686 961 4740 instruc·
1013 4696 1115 4742 nouem
1127 4685 1226 4741 retatus
1240 4685 1345 4743 censeri
1360 4686 1454 4757 possit.

167 4771 238 4827 tione
257 4771 395 4826 munitum.
409 4770 538 4828 Romilius
553 4774 696 4840 etiamque
708 4791 724 4830 u
735 4776 856 4846 tratribus
869 4777 961 4834 adactis

167 4867 280 4937 propriu
293 4865 421 4933 sollicitis,
435 4867 462 4921 iu
475 4867 546 4921 libris
558 4867 661 4938 diqcstoe
673 4878 818 4924 seruentur.
826 4871 881 4935 Qui
891 4881 915 4927 et
923 4886 959 4927 stt
1299 4839 1413 4899 CAPUT
1431 4841 1513 4900 Μ·

167 4953 362 5010 taciturnitas·
374 4957 457 5010 curuis
468 4957 580 5013 debitum
588 4959 672 5012 soluit.
685 4959 785 5014 [tetulit
797 4960 847 5015 ista
861 4961 959 5018 l’ettes
1017 4973 1154 5030 variam„
1165 4973 1389 5046 (importatique.
1398 4991 1430 5030 η
1440 4975 1527 5031 codice
1538 4991 1586 5032 mg,
1596 4939 1733 5033 emim
1739 4974 1808 5034 pgr.

168 5063 200 5104 ex
214 5047 363 5118 Gennadio,
389 5064 449 5118 cap.
476 5051 532 5115 tt,
562 5051 610 5104 ted
635 5064 730 5120 parem
753 5051 874 5119 sincere;
894 5069 957 5108 narn
1048 5055 1151 5114 turum,
1166 5045 1200 5099 ert
1216 5044 1328 5102 Victore
1342 5045 1452 5102 Viteustr
1464 5047 1577 5118 episcopi
1590 5063 1654 5118 opat
1667 5049 1700 5103 rte
1715 5044 1808 5103 Perre-

167 5139 304 5197 victorem
331 5156 380 5212 pro
405 5140 580 5200 Cartennensi
604 5143 769 5200 moritaniae
785 5144 958 5202 Cesariensis
984 5183 987 5196 ι
1051 5118 1151 5174 ΜΝ
1164 5117 1297 5188 ΨΜ·

167 5231 294 5303 episcopo
309 5232 416 5303 scripsit
431 5232 690 5304 Carthaginensem
710 5243 738 5290 et
751 5235 877 5294 floruisse
892 5239 961 5295 citu
1045 5251 1609 5364 quancrartantumlecttonumdescrtgttoucm
1617 5253 1728 5304 conmuo
1735 5256 1808 5306 omn.

167 5327 289 5392 tempore
315 5324 449 5379 Anastasii
470 5324 660 5394 imperatoris,
682 5340 743 5381 cum
765 5327 800 5383 etl
818 5331 959 5400 superiora
1013 5313 1650 5430 fflrfflessffifflffiffifflfflffi
1661 5310 1808 5430 ffi'ffl

167 5415 299 5475 Geiserici
307 5416 485 5473 iubatorum
500 5420 572 5487 regis
580 5424 957 5490 tempuraessetretereutins.
1013 5440 1082 5490 none
1093 5436 1272 5491 exhibebimus.
1290 5437 1379 5502 Ebu.)

168 5505 334 5568 osuumun
347 5506 433 5579 buu
447 5506 509 5565 sudi
526 5525 533 5562 a
549 5507 644 5578 Victor,
660 5513 712 5581 alt,
734 5512 868 5572 Gurtcuute
879 5516 958 5575 ilos·
