3810 6254
199 386 254 447 rrq
830 372 954 432 srnorvrr
972 370 1198 432 scotomatus
1614 334 1617 339 ’
1783 374 1838 434 rso

198 511 321 561 terranea
332 495 474 569 deliquari,
490 508 544 550 non
563 498 593 550 nt
611 492 748 560 ductibus,
769 491 817 548 sed
831 499 860 546 ut
874 490 1029 562 piscibosA
1044 489 1093 546 tibi
1107 489 1222 561 amplius
1239 487 1364 546 conlerre
1384 494 1541 560 potuerunt,
1555 502 1635 559 qnam
1655 495 1685 546 ut
1699 488 1723 546 si
1743 489 1770 546 id
1785 507 1838 550 no·

199 598 391 667 pauperaretur
411 607 419 646 r
442 588 487 660 qui
509 587 610 657 repulsi
632 587 660 641 in
673 586 806 656 gurgitem
829 585 987 655 pigriorem,
1043 583 1188 647 luissimns,
1206 581 1408 637 ctrarrsirerrrus
1424 579 1508 636 inviti.
1527 578 1597 635 lilud
1612 580 1747 652 peculiare
1762 590 1839 641 tuum

198 702 293 746 earnes
307 685 402 741 rubras
417 682 485 739 albis
499 679 687 737 abdominibus
701 678 860 735 extendunt.
884 677 919 733 lta
936 676 990 733 illis
1042 682 1094 739 est,
1110 673 1174 729 iliud
1196 674 1289 743 gratim
1311 672 1465 743 singularis,
1480 671 1552 742 quod
1576 679 1631 727 tarn
1654 671 1699 743 qni
1716 682 1744 729 te
1756 688 1840 730 amu·

198 793 248 837 nec
262 775 350 834 redire
358 773 521 841 valentibus,
532 786 582 829 nec
595 773 669 827 exire
683 770 830 841 permissis,
846 768 989 839 quemdam
1042 765 1131 823 lentur
1144 781 1198 822 non
1220 765 1313 834 linires,
1329 780 1408 837 quam
1430 780 1484 821 non
1498 766 1603 822 invenis
1615 766 1662 838 qui
1677 777 1838 839 sequantur.

197 870 288 927 rivum
302 877 331 925 ot
351 865 568 923 circumlatitium
582 878 719 921 carcerem
733 862 899 931 corpulentia
915 859 988 916 lacit.
1042 857 1117 914 Vale.

197 960 284 1018 lacum
307 958 364 1031 ipse
379 971 430 1028 qua
450 957 562 1023 dexter,
593 955 710 1020 incisus,
731 953 882 1018 flexuosos,
897 964 991 1008 nemo·
1321 946 1551 1005 aristeneti.

197 1065 347 1123 rususque3
367 1065 419 1121 qua
439 1050 541 1113 laevus,
562 1054 674 1117 patens,
698 1046 847 1113 berbosus,
868 1044 988 1115 aequalis.
1208 1038 1332 1095 Sidonius
1352 1040 1463 1112 Synqrio
1481 1057 1529 1095 auo
1547 1042 1667 1097 salutern.

198 1144 303 1215 AEqner
323 1141 358 1198 ab
379 1138 471 1197 birico
491 1138 577 1195 viride
596 1153 644 1209 per
664 1137 755 1206 littus,
772 1139 834 1206 quia
849 1137 875 1192 in
890 1136 990 1193 undam
1077 1131 1125 1186 Vir
1146 1131 1311 1188 clarissimus
1332 1132 1471 1204 Proiectus
1488 1132 1561 1189 domi
1576 1133 1697 1203 nobilis,
1713 1144 1741 1192 et
1758 1145 1837 1208 patre

1856 1000 1864 1065 r

198 1236 292 1294 lronde
304 1242 427 1306 porrecta
438 1273 447 1300 ,
460 1240 489 1287 ut
510 1231 614 1303 glareas
632 1244 722 1300 aqua,
746 1228 785 1285 sic
798 1243 881 1300 aquas
896 1228 991 1285 umbra
1041 1235 1191 1297 patruoque
1204 1225 1416 1296 spectabilibus,
1440 1240 1490 1283 avo
1507 1227 1588 1283 etiam
1610 1230 1838 1299 praestantissimo

198 1328 344 1402 perluudit.
360 1323 519 1398 Huiusmodi
535 1325 652 1381 colorem
674 1324 707 1379 ab
721 1323 830 1378 Oriente
844 1338 894 1393 par
908 1322 989 1378 silva·
1041 1319 1183 1376 sacerdote
1197 1321 1373 1389 conspicuus,
1395 1321 1573 1377 amicitiarum
1586 1331 1703 1391 tuarum,
1719 1323 1772 1381 nisi
1789 1340 1837 1382 re·

198 1436 259 1479 rom
270 1433 369 1475 corona
381 1418 519 1474 continuat
533 1434 540 1470 ε
556 1431 604 1486 per
615 1416 743 1471 Arctoum
758 1416 837 1482 latus,
853 1423 883 1470 ut
897 1415 991 1486 pelago
1040 1413 1124 1482 spuis,
1139 1413 1293 1470 avidissime
1305 1413 1408 1470 sinibus
1423 1413 1554 1472 inlertur:
1565 1423 1593 1471 et
1605 1430 1667 1472 cum
1678 1415 1717 1471 illi
1728 1417 1836 1475 lamitiaa

199 1496 304 1579 natura,
321 1511 360 1567 sic
374 1511 495 1579 species;
508 1525 523 1564 a
538 1508 662 1580 zephyro
677 1508 797 1579 plebeius
808 1518 835 1563 et
847 1507 991 1562 tumultua·
1041 1503 1178 1575 splendor,
1195 1504 1312 1575 probitas
1328 1521 1449 1575 morum,
1475 1506 1628 1576 patrimonii
1642 1506 1769 1576 laeultas,
1788 1508 1835 1579 ju·

199 1604 256 1661 rius
268 1602 366 1671 lrrrtex,
382 1602 588 1670 frequenterque
603 1599 751 1655 lemborum
770 1598 991 1668 superlabentum
1042 1597 1159 1652 venturis
1175 1597 1313 1667 alacritas,
1330 1598 1357 1652 in
1368 1612 1449 1654 omne
1461 1597 1544 1655 decus
1557 1598 1615 1667 pari
1629 1598 1707 1655 lance
1716 1613 1834 1670 conqua-

199 1697 362 1768 ponderibus
387 1696 509 1752 inllexus.
526 1694 603 1750 llurrc
625 1694 696 1749 circa
722 1692 816 1749 lubrici
840 1694 990 1761 scirporum
1042 1690 1139 1756 drent;
1160 1691 1196 1745 ita
1211 1690 1319 1747 demum
1333 1691 1384 1746 sibi
1396 1699 1485 1746 tamen
1499 1689 1635 1746 videbitur
1648 1688 1683 1747 ad
1692 1705 1783 1748 arcem
1796 1690 1834 1748 la.

200 1789 262 1845 cirri
277 1788 411 1859 plicantur
423 1787 558 1858 simulque
571 1787 683 1858 pingues
695 1786 815 1841 ulvarum
827 1787 929 1857 paginae
944 1801 992 1843 na·
1042 1785 1224 1856 stipatissimae
1239 1784 1376 1842 lelicitatis
1388 1795 1509 1851 evectus,
1522 1783 1545 1840 si
1561 1785 1655 1857 gratie
1670 1794 1723 1841 tuae
1734 1784 1834 1841 sodali·

200 1888 274 1945 tant,
295 1879 459 1945 salicumque
478 1878 633 1949 glaucarum
659 1878 714 1933 lota
738 1890 845 1947 semper
868 1877 991 1936 dulcibus
1006 1871 1029 1934 B
1044 1888 1097 1934 tato
1124 1880 1249 1950 potiatur.
1278 1878 1397 1948 optantii
1421 1878 1565 1935 clarissimi
1592 1878 1643 1933 riri
1669 1893 1754 1949 nuper
1778 1879 1834 1938 vlla

127 2036 130 2045 Ι
200 1973 278 2043 aquis
297 1970 458 2026 amaritudo.
472 1970 500 2026 ln
525 1970 614 2025 medio
632 1969 758 2040 prolundi
776 1970 863 2025 brevis
886 1971 989 2041 insula,
1042 1969 1124 2025 luncti
1148 1970 1229 2024 liliam
1244 1969 1327 2041 (quod
1348 1970 1404 2025 bro
1427 1978 1603 2040 prosperante
1620 1968 1756 2040 succedat)
1771 1970 1836 2029 ticet

200 2064 245 2119 ubi
269 2077 349 2134 supra
372 2062 489 2118 molares
516 2061 674 2117 naturaliter
692 2071 846 2133 aggeratos,
869 2080 916 2132 per
940 2065 991 2119 im·
1042 2061 1069 2116 irr
1082 2061 1234 2133 coniugium
1244 2063 1360 2134 potierit,
1372 2062 1696 2133 obtinueritqueamatre
1705 2061 1835 2133 pupillam
1886 2097 1888 2101 >

200 2166 340 2226 pactorum
352 2167 449 2226 puncta
465 2155 906 2229 renrornnrnavalibnstriragyris
919 2169 990 2216 meta
1041 2168 1135 2226 parum
1159 2164 1247 2211 tarncn
1268 2164 1392 2211 votorum
1419 2169 1530 2210 suornm
1557 2164 1710 2225 promotum
1736 2164 1835 2213 censet

200 2247 365 2318 protuberat,
382 2246 416 2301 ad
431 2260 509 2317 quarn
523 2260 553 2301 se
565 2244 683 2316 jocunda
699 2246 837 2303 ludentum
853 2249 990 2322 naulragia
1041 2247 1180 2317 ellectum,
1204 2249 1255 2304 nisi
1275 2263 1415 2305 assensum
1435 2258 1509 2304 tuum
1530 2263 1612 2319 super
1633 2249 1675 2305 bis
1689 2248 1834 2321 omuibus,

199 2340 339 2397 collidunt.
361 2339 426 2395 llanr
452 2339 536 2394 moris
557 2338 617 2395 istic
641 2341 690 2394 luit
716 2340 867 2398 senioribus
891 2343 991 2399 nostr-is
1041 2353 1088 2395 serr
1100 2338 1240 2394 sedulitate
1254 2353 1312 2405 sua,
1327 2355 1374 2395 seu
1386 2349 1494 2410 precatu
1517 2350 1617 2396 nostras
1630 2340 1835 2398 intercessionis

200 2440 215 2469 ⁸
227 2446 340 2502 agonem
357 2431 563 2500 Drepanitanum
578 2430 703 2500 trojana
722 2432 920 2501 superstitionis
936 2433 988 2507 fl
1041 2430 1209 2498 adipiscitur.
1221 2430 1342 2503 Namque
1365 2431 1423 2502 ipse
1439 2439 1566 2502 quantum
1582 2431 1615 2487 ad
1636 2430 1835 2491 institutionem

198 2520 308 2577 imitari.
335 2521 393 2577 tam
410 2536 473 2576 rere
493 2537 557 2592 ager
574 2521 631 2591 ipse
652 2524 815 2594 (quanquam
836 2524 887 2581 iroc
910 2542 990 2599 supra
1041 2531 1144 2592 spectat
1158 2523 1253 2592 puellm
1276 2523 1301 2577 in
1321 2521 1375 2594 43
1389 2523 1477 2580 locum
1494 2522 1591 2579 mortui
1610 2522 1694 2594 patris
1706 2537 1834 2583 curarum

198 2613 345 2686 debitum),
372 2613 484 2670 dillusus
498 2614 524 2669 in
540 2615 629 2684 silvis,
646 2615 733 2686 pictus
746 2618 773 2671 iu
787 2620 889 2689 pratis,
909 2634 990 2691 pecq-
1042 2614 1245 2687 participatione
1264 2616 1404 2685 succedis,
1417 2616 1581 2672 corrlcrendo
1600 2616 1698 2686 rirqini
1712 2618 1834 2688 parentis

199 2723 277 2765 rosus
296 2709 323 2764 in
345 2710 465 2779 pascuis,
482 2711 508 2763 in
523 2710 674 2779 pastoribus
690 2711 853 2779 peculiosus.
870 2713 922 2770 Sed
937 2729 990 2770 rrorr
1041 2707 1175 2773 allectum,
1186 2708 1293 2779 patroni
1307 2709 1506 2776 auctoritatem,
1522 2708 1834 2779 tutoriseldcium.Quo·

198 2800 314 2871 arnplius
329 2817 431 2869 moror,
450 2817 498 2867 ne,
515 2802 536 2856 si
551 2802 657 2872 longior
670 2804 741 2876 stylo
761 2806 905 2871 terminus,
922 2807 992 2863 relc·
1041 2798 1113 2856 circa
1136 2800 1198 2871 quia
1227 2800 1322 2870 dignus
1341 2815 1370 2856 es
1391 2808 1420 2855 ut
1437 2801 1535 2857 domus
1555 2809 1608 2855 tuae
1626 2800 1833 2860 celeberrimam

198 2902 304 2967 gentem
325 2902 351 2951 te
371 2905 514 2949 auturnrrus
528 2894 657 2950 inveniat.
684 2896 799 2953 Proinde
819 2899 883 2954 milri
904 2901 991 2958 tribue
1041 2894 1221 2965 disciplinam,
1234 2895 1314 2952 etlam
1335 2894 1430 2964 procul
1449 2896 1598 2965 positorum
1613 2901 1686 2964 petat
1702 2892 1834 2964 ambitus,

198 2982 323 3040 veniendi
334 2983 516 3051 celeritatem,
533 3001 593 3040 nam
609 2987 738 3042 redeundi
754 3004 855 3046 moram
871 2992 918 3047 tibi
934 2995 991 3063 ipse
1041 2984 1111 3040 ⁸50¹st
1133 2985 1211 3041 decet
1231 2986 1363 3040 bonarum
1378 2986 1493 3056 ballium
1510 2985 1595 3052 litos.
1608 2983 1772 3056 Ιιθῠῑιιῑῑιῑῦ
1786 2998 1834 3041 ῐθ·

198 3077 357 3147 prestabis:
379 3076 491 3133 orturus
510 3078 573 3134 trine
587 3081 713 3148 reniam,
736 3082 807 3152 qnod
832 3084 989 3142 urerrrarerrr
1041 3079 1361 3150 sponsinrocisunniicis
1377 3078 1565 3135 verecondiam
1577 3077 1834 3149 munerarmetqm

198 3167 248 3224 sibi
271 3166 388 3223 debitam
415 3170 494 3238 paulo
516 3170 699 3239 scrupulosior
722 3173 833 3240 epistola
858 3177 989 3245 excessit,
1041 3170 1078 3226 ita
1106 3172 1238 3242 expetitus
1264 3171 1377 3227 deberes
1406 3169 1444 3226 illi
1474 3178 1601 3241 expetere
1630 3169 1833 3242 pollicendam,

199 3260 262 3318 dum
276 3268 360 3316 totum
377 3261 449 3316 ruris
462 3261 543 3317 situm
557 3261 671 3317 sollicita
687 3264 808 3333 rimatur,
825 3281 885 3335 qum
899 3278 987 3325 tamen
1003 3247 1027 3311 C
1042 3276 1153 3318 securus
1177 3263 1304 3333 permitte
1323 3263 1483 3334 promissam
1506 3279 1513 3316 :
1539 3263 1602 3334 quia
1625 3263 1664 3320 sic
1687 3270 1714 3319 te
1736 3261 1835 3318 condi-

198 3352 373 3409 submovendi
394 3352 493 3409 fastidii
517 3354 676 3411 stationae
702 3366 797 3412 cuncta
820 3360 986 3428 perstrinxit.
1041 3353 1106 3409 riori
1130 3353 1192 3410 irre
1218 3356 1377 3410 nrerttornrrr
1400 3356 1470 3409 ratio
1494 3355 1634 3426 praeterit,
1661 3360 1691 3409 nt
1714 3369 1764 3409 nee
1786 3368 1834 3411 su·

198 3441 366 3513 Quapropter
381 3444 466 3501 bonus
481 3444 595 3511 arbiter,
612 3455 640 3502 et
657 3448 752 3504 artilex
769 3448 854 3505 lector
868 3468 920 3507 non
941 3469 987 3523 prr-
1041 3447 1145 3517 perstiti
1162 3448 1288 3519 Optantio
1302 3449 1330 3504 in
1346 3449 1444 3505 liberos
1457 3464 1520 3506 suos
1531 3449 1651 3506 decuerit
1662 3449 1723 3521 plus
1735 3447 1834 3505 licere.

197 3533 287 3603 qinom
300 3548 359 3606 quae
374 3535 459 3604 spatia
474 3536 613 3608 describit,
630 3538 677 3594 sed
697 3539 787 3595 villam
798 3558 858 3612 qum
872 3546 988 3615 spatiosa
1040 3540 1115 3596 lale.

197 3622 369 3693 describitur,
382 3627 510 3699 praedem
524 3632 744 3700 pronuntiabunt.
762 3633 834 3691 l'ale.
959 3704 963 3711 Ι
1323 3633 1488 3691 ertslcna
1511 3635 1542 3691 V.

478 3720 643 3776 ertslbnn
664 3723 708 3778 lll.
1216 3728 1341 3783 Sidorrr‘us
1358 3728 1660 3785 Petrouiesrtoaobtterrr.

374 3808 523 3866 sitierint>
537 3810 677 3870 Felicitan
691 3818 810 3873 satutem.
1076 3820 1193 3875 loannes
1216 3820 1356 3875 lamillaris
1381 3836 1456 3877 merrs
1477 3820 1687 3878 inextricabilem
1708 3820 1831 3891 labyrin-

233 3900 344 3960 Gaudeo
363 3912 399 3973 tc,
419 3903 526 3962 domine
542 3903 829 3980 major,'arrrplissimae
852 3914 989 3983 dignitatis
1041 3909 1114 3965 tirurrr
1126 3911 1225 3982 negotii
1245 3912 1401 3982 multiplicis
1416 3911 1539 3980 incurrit,
1564 3922 1592 3969 et
1612 3913 1699 3969 donoc
1720 3928 1832 3973 suarum

122 4022 125 4027 ·
196 3990 294 4050 inlulas
309 4002 494 4052 consecutum.
509 3997 562 4053 Sed
583 3997 608 4054 id
635 4000 701 4055 milri
720 4002 755 4058 ob
776 4004 827 4060 lroc
841 4006 929 4063 solum
942 4008 990 4065 de·
1040 4003 1136 4059 merita
1150 4004 1312 4071 diaetarum,
1327 4005 1367 4061 tel
1380 4016 1468 4062 tta-⁴1¹³
1481 4006 1602 4074 scientie
1615 4006 1659 4063 Vll
1682 4006 1706 4063 δί
1724 4022 1776 4078 ‘1¹¹²
1788 4017 1833 4066 0⁸⁸

196 4083 295 4140 atinate
306 4084 449 4142 tabellario
463 4088 614 4143 nuntiatum
630 4105 684 4146 non
698 4092 786 4148 rnirrus
798 4097 912 4164 gaudeo.
923 4098 989 4155 Nam
1039 4104 1146 4160 vestra,
1157 4096 1179 4151 si
1196 4106 1283 4152 tamen
1296 4106 1337 4153 est
1351 4097 1415 4163 nlla,
1427 4097 1522 4154 similis
1532 4099 1690 4170 inspexerit,
1704 4098 1768 4171 qnid
1785 4114 1832 4157 re·

197 4171 260 4231 licet
273 4175 514 4245 impraesentiarum
533 4177 570 4234 sis
586 4180 741 4249 potissimus
762 4187 947 4256 magistratus,
962 4201 990 4246 ct
1040 4195 1118 4255 spirat
1143 4189 1241 4258 quidve
1263 4198 1336 4260 optet
1359 4191 1473 4262 ignorat.
1500 4190 1537 4247 lta
1558 4207 1588 4248 se
1608 4191 1724 4263 quodam
1747 4194 1831 4249 modo

197 4262 312 4319 inlares
330 4264 659 4337 Plrilagrianospatricins
681 4287 750 4342 apex
772 4276 851 4345 tantis
867 4266 990 4347 postsmss
1040 4276 1174 4347 bipertitae
1198 4281 1251 4336 litis
1273 4282 1358 4338 iorma
1382 4283 1530 4350 conlundit,
1551 4294 1582 4338 ut
1602 4282 1749 4353 propositio
1768 4298 1830 4352 soa,

196 4358 276 4427 culis,
285 4368 330 4415 tua
342 4370 444 4416 tantum
455 4360 762 4423 lelicitatererneaverit:
773 4368 877 4425 invenis
889 4380 987 4440 tamen,
1039 4385 1118 4440 quem
1132 4372 1245 4429 actionis
1258 4373 1380 4429 ordinem
1396 4383 1604 4446 propugnatura,
1626 4388 1706 4445 quem
1725 4376 1762 4431 sit
1776 4374 1830 4431 irrr-

197 4447 240 4506 rir
261 4451 438 4508 amicitiarum
464 4454 686 4523 servantissime,
714 4458 829 4527 qualiter
857 4461 988 4521 bonerum
1041 4473 1199 4532 pugnatura,
1216 4479 1268 4519 uon
1293 4467 1413 4521 noverit.
1436 4464 1489 4522 Pro
1509 4481 1560 4538 quo
1578 4480 1684 4537 precem
1707 4464 1832 4525 sedulam

197 4549 304 4599 tuorum
328 4553 432 4601 crescat
459 4546 649 4605 communione
686 4549 841 4623 lastigium,
873 4570 988 4627 raroque
1041 4553 1134 4623 lundo,
1146 4564 1176 4610 ut
1190 4556 1336 4627 perspectis
1346 4558 1476 4614 cbartutis
1486 4559 1553 4627 suis,
1565 4559 1587 4615 si
1600 4556 1664 4629 qnid
1678 4557 1741 4629 jure
1753 4572 1832 4616 corn-

195 4646 296 4705 genere
319 4635 434 4706 exempli
454 4636 622 4695 altitudinem
643 4649 715 4696 tuam
737 4642 886 4702 bumilitate
905 4622 1104 4718 subii-Dpetir
1131 4649 1290 4715 irrstrnatis;
1321 4665 1381 4721 quar
1404 4650 1553 4720 qualiterve
1576 4652 1630 4706 sint
1658 4649 1831 4720 objicienda,

196 4724 327 4783 messio
350 4728 483 4797 quondam
505 4728 538 4796 Q.
560 4728 672 4785 Fabium
691 4734 846 4803 magistrum
867 4738 986 4806 equitum
1038 4753 1097 4810 quae
1120 4741 1263 4798 releilentia
1283 4749 1473 4798 monstrantes.
1496 4742 1556 4797 Non
1577 4742 1648 4798 enim
1662 4740 1830 4814 verebimur,

196 4816 339 4875 dictatorio
361 4820 459 4890 rigori,
474 4829 502 4877 ct
527 4822 675 4893 Papirianae
695 4827 829 4897 superbiae
848 4829 925 4887 laror
938 4848 987 4901 pu·
1043 4831 1113 4902 quod
1138 4846 1228 4889 causae
1246 4833 1324 4889 istius
1343 4848 1448 4900 cursus,
1471 4834 1493 4888 si
1515 4834 1552 4891 de
1572 4834 1656 4891 vestri
1679 4834 1833 4893 manaverit

196 4905 282 4965 blicus
307 4911 433 4980 praetulit.
459 4911 514 4984 ω
537 4913 582 4969 Sic
604 4924 631 4970 et
653 4914 703 4973 Cn.
728 4918 883 4990 Pompeium
906 4938 988 4993 super
1037 4923 1111 4980 lontc
1122 4926 1237 4986 consilii.
1259 4927 1312 4983 ulla
1322 4925 1547 4983 contrastantium
1558 4925 1725 4984 derivatione
1735 4934 1834 4985 muue-

196 5001 308 5060 aemulos
322 5004 418 5059 extulit
441 5021 577 5074 nunquam
598 5008 716 5065 lastidita
745 5014 918 5082 popularitas.
943 5017 986 5073 Sic
1038 5023 1091 5072 tur.
1106 5017 1183 5074 Vale.

195 5092 322 5151 invidiam
333 5097 503 5155 'liberianum
514 5101 611 5170 pressit
623 5102 804 5161 univcrsitatis
813 5120 906 5165 amore
919 5109 987 5165 Ger·
1287 5109 1342 5183 M
1351 5109 1515 5169 altstete
1528 5110 1573 5166 tit.

196 5184 327 5241 manicos.
335 5186 466 5254 Quocirca
481 5189 602 5246 uolosibi
616 5191 649 5247 de
660 5194 831 5253 successibus
846 5198 900 5254 tois
912 5200 986 5269 prin·
1216 5199 1339 5257 Sidertos
1354 5200 1463 5273 Peqeaio
1476 5219 1522 5258 arro
1533 5202 1649 5257 minum.

196 5274 292 5345 cipalia
311 5278 442 5335 benebcia
467 5280 612 5352 plurimum
632 5284 822 5354 blandientum
845 5304 905 5359 quae
919 5292 986 5349 nibil
1074 5293 1281 5351 Proverbialiter
1294 5294 1402 5350 celebre
1423 5302 1468 5350 est
1488 5309 1560 5367 saepe
1574 5308 1676 5351 moram
1691 5306 1753 5353 eave
1772 5310 1836 5355 me·

232 5414 400 5472 ¹budricam
412 5421 608 5490 naumachiam,
617 5424 778 5494 qnaAEneas
788 5427 821 5482 ad
833 5428 985 5503 Drepanum
1039 5436 1149 5505 tutatur,
1164 5452 1217 5494 non
1231 5445 1273 5494 est
1286 5437 1451 5505 consulatus,
1469 5438 1502 5494 ad
1511 5451 1591 5508 quem
1602 5434 1678 5493 Felix
1692 5450 1834 5505 nunquam

196 5487 304 5597 Slcbillm
319 5490 386 5559 patri
401 5493 558 5575 parentant,
575 5493 609 5549 de
623 5510 675 5566 qua
691 5497 825 5580 elnoldo.
864 5532 870 5543 ·
919 5573 926 5585 ,
1037 5510 1175 5575 perrenit;
1200 5509 1247 5564 sed
1267 5509 1436 5579 patriciatus,
1452 5508 1528 5579 cujus
1543 5517 1674 5580 preterea
1696 5504 1777 5565 tetis
1791 5517 1835 5566 est

259 5557 354 5627 llaqna
364 5556 456 5626 Felrcr,
470 5560 557 5633 llagm
568 5567 720 5622 exconsulrs
735 5567 799 5623 lllro.
816 5570 870 5626 llos
882 5586 954 5629 emm
968 5589 986 5630 a
1039 5575 1192 5635 Gennadius
1204 5579 1233 5636 in
1244 5578 1354 5636 Fausto.
1851 5580 1865 5637 ἰ

1853 5638 1866 5659 'a

197 5627 334 5700 Pbilaqriu
347 5628 460 5697 patricio
482 5633 610 5691 oriundos
630 5637 730 5693 diserte
750 5640 842 5696 scribit
856 5641 985 5712 Propem-
1075 5658 1087 5688 τ
1103 5648 1164 5705 luit
1179 5658 1268 5707 tamen
1282 5659 1373 5720 postea
1393 5650 1521 5722 patricius
1533 5657 1561 5707 et
1576 5644 1634 5777 ιεκ
1646 5647 1788 5716 Sidonias,
1802 5656 1834 5706 ιιι
1852 5658 1866 5733 Ι

197 5699 332 5826 Quaerit
349 5700 458 5759 Avitum
473 5717 579 5774 quoquc
593 5707 741 5774 Augustum
766 5712 793 5765 in
812 5714 983 5783 panegyrico.
1039 5726 1110 5787 patet
1122 5734 1155 5776 ex
1168 5723 1247 5791 epist.
1265 5721 1298 5777 lb
1311 5720 1344 5776 ad
1357 5721 1548 5792 Papianillam,
1564 5721 1582 5776 ii
1633 5736 1662 5790 v,
1682 5730 1711 5779 et
1725 5734 1761 5781 ex
1774 5720 1833 5777 fla·

311 5768 400 5828 Felice
412 5774 489 5859 plura
501 5776 620 5832 carmine
634 5778 662 5861 b,
674 5778 746 5861 qood
761 5788 844 5837 totum
855 5783 985 5865 ιιιιιιιοι·
1038 5790 1117 5849 menti
1128 5792 1268 5852 claudiani
1279 5792 1442 5852 dedicatoria
1455 5790 1490 5851 ad
1499 5792 1650 5853 Sidonium.

198 5846 255 5905 titrn
270 5846 323 5899 est.
335 5840 508 5922 Ampiusrma
522 5860 603 5919 porro
614 5848 816 5925 drqrrttaanam
827 5851 911 5913 Peircr
923 5868 985 5930 qra-
