3810 6254
163 297 217 358 Bal
787 301 1028 360 uelstouulttlst
1047 304 1112 360 Llu.
1132 306 1176 362 tv.
1744 319 1798 380 uia

164 410 324 482 confragosa
335 412 488 477 venientes,
503 427 553 468 nec
566 412 698 482 stthectas
716 425 823 484 cautes,
839 431 889 502 nec
907 431 952 471 su·
965 418 992 478 Λ
1006 419 1089 483 mani,
1102 419 1124 472 si
1144 434 1195 489 qua
1209 419 1296 476 adhue
1317 436 1420 493 uspiam
1441 432 1493 492 est,
1518 427 1630 500 Belgicus
1652 432 1716 488 ollm
1740 435 1798 492 sive

164 505 298 576 perjectas
323 505 397 560 nives
420 518 627 574 expavescemus
657 524 664 560 ι
687 506 808 576 quamvis
832 506 955 577 jugorum
1009 510 1146 566 lllvenauis
1156 511 1254 567 abolita
1271 515 1359 574 terris.
1377 516 1402 570 in
1424 523 1449 571 to
1463 518 1579 574 resedit:
1593 537 1646 592 quo
1659 524 1701 580 vel
1724 525 1798 582 iuco-

164 594 298 668 profunda
318 593 457 650 declivitas
476 611 571 666 aggere
594 595 754 651 cochleatim
777 596 862 652 fracto
884 612 956 666 saepe
1008 598 1084 663 lurni,
1100 599 1141 654 vel
1157 611 1310 676 perorante,
1325 605 1375 659 etsi
1390 607 1460 675 apud
1475 607 1587 666 limitem
1599 611 1686 681 ipsum
1702 615 1799 675 Latina

164 688 300 746 redeunda
319 690 545 760 110sit:quia
567 689 616 755 etsi
644 689 715 744 nulla
740 689 956 756 solemnitas,tu
1006 690 1066 761 jura
1094 694 1264 760 ceciderunt,
1295 697 1376 751 verba
1402 713 1454 753 non
1482 701 1605 758 titubant.
1630 704 1798 779 Quapropter

165 781 231 837 satis
250 780 346 851 diguus
361 795 407 848 es,
422 791 450 835 ut
473 791 514 836 est
536 789 549 819 ἃ
568 781 720 836 Tullianum
739 781 804 837 illud
821 824 828 849 ,
846 793 957 853 propter
1008 784 1141 840 alternum
1158 785 1231 841 salve
1244 787 1404 857 rependens,
1418 792 1554 860 granditer
1565 794 1652 860 lactor,
1664 799 1760 855 saltem
1771 801 1799 856 iu

163 889 243 946 quern
259 873 383 945 Thespiae
398 874 528 929 visantur.
544 873 621 928 llalc.
1009 876 1106 932 illustri
1120 888 1228 946 pectore
1252 888 1298 935 tun
1311 885 1511 940 vanescentium
1526 887 1675 946 litterarum
1689 908 1798 949 reman-

417 965 599 1029 astamus
622 965 692 1021 llll.
948 1046 950 1051 μ
1009 969 1077 1024 sisse
1091 972 1200 1042 vestigia
1224 985 1232 1024 τ
1252 988 1312 1043 quae
1332 973 1355 1029 si
1371 973 1502 1045 frequenti
1516 977 1631 1038 lectione
1646 987 1798 1057 continuas,

330 1059 456 1116 Sidonios
470 1055 484 1095 b
500 1057 606 1112 Ruricio
617 1074 662 1112 ⁸11⁰
674 1055 792 1112 cultilem·
1009 1063 1148 1130 experiere
1162 1078 1210 1132 per
1223 1064 1291 1132 dies,
1309 1074 1409 1135 quanto
1424 1070 1589 1126 antecellunt
1601 1073 1695 1131 belluis
1710 1077 1799 1134 bomi-

200 1152 301 1220 accepv
325 1165 373 1221 per
398 1148 570 1204 Paterninum
590 1148 712 1218 paginam
737 1156 872 1213 vestram,
899 1163 959 1218 qnae

163 1243 223 1317 plus
238 1241 328 1298 mellis
342 1256 376 1296 an
391 1240 455 1295 salis
478 1238 574 1295 habeat
599 1239 731 1295 incertum
757 1249 807 1295 est.
823 1239 956 1295 (lectarum

163 1331 264 1402 eloquii
278 1330 382 1396 copiam
399 1329 468 1384 hanc
480 1329 599 1400 prefert,
612 1328 661 1383 hos
675 1331 729 1384 olet
741 1331 833 1395 flores,
847 1341 876 1384 ut
888 1329 957 1386 bene

164 1432 305 1496 appareat,
320 1437 373 1477 non
387 1435 433 1477 vos
444 1421 586 1477 manifesta
600 1422 692 1486 niodo,
704 1422 889 1485 verumetiam
903 1422 955 1477 fur«

1010 1166 1068 1215 nes,
1090 1161 1164 1208 tanto
1186 1156 1314 1212 anteferri
1336 1158 1442 1213 rusticis
1464 1160 1610 1219 institutos.
1635 1166 1674 1222 De
1695 1170 1798 1240 paginis

1010 1258 1075 1298 sane
1094 1245 1163 1314 qnod
1184 1246 1348 1317 spiritalibus
1371 1249 1410 1304 vis
1430 1258 1460 1304 ut
1476 1251 1574 1322 aliquid
1594 1255 1727 1327 interpres
1745 1260 1798 1315 irn-

1010 1334 1110 1403 probus
1124 1337 1251 1403 garriam,
1270 1337 1368 1406 justius
1386 1339 1443 1395 trac
1457 1341 1660 1409 postulabuntur
1678 1362 1692 1400 a
1710 1362 1797 1405 sacer·

1011 1423 1117 1479 dotibus
1127 1424 1187 1480 loco
1199 1427 1363 1497 propinquis,
1378 1437 1457 1485 aetate
1469 1432 1630 1503 grandaevis,
1643 1436 1695 1493 fvtle
1707 1440 1797 1506 claris,

164 1515 217 1572 tiva
232 1529 340 1586 quoque
355 1514 470 1569 lectione
481 1512 622 1584 proficere.
632 1513 789 1583 Quanquam
801 1523 828 1567 et
842 1512 894 1569 hoc
903 1513 959 1568 fur·

164 1614 221 1663 tum
242 1607 314 1677 quod
338 1605 502 1676 deprecaris,
524 1605 670 1675 exemplati
697 1604 790 1672 libelli,
808 1619 860 1660 non
879 1604 956 1661 venia
1009 1603 1071 1669 bus,
1091 1606 1164 1660 omni
1183 1606 1300 1678 denique
1317 1612 1474 1666 meritorum
1493 1614 1647 1671 sublimium
1659 1619 1729 1684 ,dote
1752 1636 1797 1692 po·

165 1704 219 1754 tam
242 1696 341 1752 debeat
361 1698 495 1766 respicere
508 1712 587 1767 quarn
612 1697 706 1768 gloria.
731 1695 800 1763 Quid
826 1705 854 1750 tu
884 1697 956 1752 enim
1011 1697 1132 1754 tiorihus.
1148 1699 1268 1770 Namque
1284 1710 1311 1757 ut
1325 1704 1469 1761 antistitem
1483 1707 1597 1764 civitatis
1612 1719 1707 1769 vestrae
1718 1714 1797 1772 reliu-

164 1785 247 1843 facias
262 1787 362 1856 absque
377 1787 486 1852 virtute,
499 1787 545 1858 qui
557 1788 670 1857 necipsa
685 1795 795 1857 peccata
808 1787 867 1842 sine
878 1787 958 1873 laude
972 1781 997 1842 B
1010 1804 1090 1859 quarn
1104 1831 1112 1856 ,
1140 1795 1430 1850 consummatissimum
1458 1797 1565 1866 virum,
1594 1812 1799 1877 cunctarumque

166 1877 334 1934 committis?
349 1877 406 1946 ugo
420 1894 485 1934 vero
500 1878 842 1949 quidquidimpositumest
860 1879 961 1938 fraudis
1014 1882 1140 1938 virtulum
1163 1885 1327 1942 couscientia
1347 1898 1374 1944 et
1396 1889 1463 1945 fama
1483 1890 1557 1960 justa
1575 1893 1700 1964 beatum,
1718 1896 1800 1955 mullo

164 1970 228 2026 mihi
244 1979 273 2025 ut
288 1979 350 2040 pote
363 1970 478 2037 absenti,
495 1971 579 2027 libens
598 1969 687 2038 audio,
706 1971 898 2040 principalique
914 1986 962 2041 pro
1013 1975 1189 2043 opportunius
1207 1976 1241 2033 de
1259 1978 1461 2050 quibuscunque
1477 1985 1671 2052 questionibus
1692 1988 1738 2042 tibi
1760 1989 1800 2044 iu·

164 2066 447 2156 tuonereamplector,
475 2067 519 2136 qni
543 2065 741 2136 quodammodo
766 2065 892 2121 damnum
918 2067 960 2120 iu·
1013 2072 1187 2136 terrogantur
1207 2069 1299 2137 ivvclyti
1314 2071 1459 2126 Galliarum
1474 2084 1563 2142 patres
1576 2086 1603 2132 et
1617 2087 1799 2151 protomystae,

165 2157 263 2213 demna
278 2157 400 2214 toleravi.
416 2156 589 2227 lleqnecnin
603 2157 673 2226 quod
690 2168 736 2211 tuo
758 2159 873 2212 accessit
887 2158 959 2222 usui,
1012 2170 1062 2210 nec
1081 2158 1145 2211 satis
1160 2159 1262 2227 positus
1283 2161 1310 2215 in
1327 2160 1471 2233 longinquo
1483 2164 1585 2235 Lupus,
1601 2182 1651 2224 nec
1664 2184 1758 2238 parom
1774 2172 1800 2228 in

168 2249 285 2306 decessit
306 2249 357 2304 hoc
372 2256 473 2305 nostra
493 2248 669 2320 proprietati,
690 2258 736 2303 aut
749 2249 782 2303 ad
796 2250 960 2306 incrementa
1012 2247 1133 2318 proximo
1157 2249 1299 2320 auspicius
1325 2271 1331 2304 2
1357 2268 1471 2322 quorum
1499 2256 1626 2313 doctrinas
1655 2259 1800 2320 abundanti

166 2343 286 2399 scientiae
303 2351 401 2399 vestre
414 2357 462 2411 per
475 2340 636 2396 detrimenta
649 2341 760 2397 venistis
773 2340 877 2397 alleuae.
889 2340 959 2408 Quin
1011 2339 1198 2408 eventilandae,
1224 2356 1274 2396 nec
1298 2344 1460 2400 consultatio
1484 2354 1527 2401 tua
1551 2348 1658 2406 sufhcit.
1685 2350 1799 2410 Proinde

167 2436 255 2508 potius
269 2436 327 2506 ipse
337 2434 399 2506 jure
411 2433 508 2490 abhinc
520 2433 595 2489 uheri
615 2434 750 2504 praeconio
766 2449 819 2488 non
833 2433 957 2499 carebis;
1010 2432 1080 2502 quod
1098 2448 1179 2504 super
1197 2434 1246 2490 bac
1266 2451 1374 2506 precum
1395 2447 1470 2508 parte
1490 2454 1543 2494 nou
1564 2442 1650 2510 parui,
1669 2433 1802 2515 berilgnus'

168 2528 211 2600 qui
226 2528 312 2598 magis
323 2527 401 2597 igneo
416 2527 522 2596 ingenio
538 2534 661 2580 naturam
675 2524 803 2580 decenter
817 2525 884 2595 iguis
900 2523 960 2578 imi·
1010 2525 1128 2593 quidem,
1146 2525 1191 2582 sed
1207 2536 1234 2582 et
1247 2527 1335 2596 justus
1356 2529 1463 2599 ignosce
1480 2548 1486 2582 :
1502 2532 1563 2601 quia
1582 2533 1604 2586 si
1621 2539 1672 2587 vos
1691 2534 1801 2605 imperi·

167 2627 236 2675 tatus
246 2633 287 2685 es,
299 2618 397 2687 dequo
410 2615 434 2671 si
449 2615 514 2686 quid
536 2614 646 2671 densere
659 2615 737 2682 velis,
753 2626 873 2669 remanet
887 2623 959 2668 totns
1010 2617 1072 2673 tiam
1089 2620 1180 2690 fugere
1193 2635 1240 2690 par
1254 2629 1306 2686 est,
1327 2608 1370 2677 me
1386 2623 1582 2693 quoquedeest
1598 2625 1681 2682 vitare
1698 2626 1799 2697 iactan-

167 2711 209 2784 qui
231 2707 403 2766 transfertur.
417 2706 494 2762 Uttde
514 2705 569 2776 jam
593 2720 674 2775 parce
700 2704 844 2775 trepidare,
871 2703 959 2774 deque
1010 2714 1084 2767 riam,
1107 2714 1180 2769 vale,

1010 1528 1092 1583 opere
1109 1518 1186 1587 112
1201 1517 1326 1586 vulgatis,
1341 1534 1388 1574 ore
1403 1522 1543 1593 promptis,
1558 1529 1686 1583 memoria
1700 1513 1796 1587 tenaci·

166 2802 286 2860 moribus
299 2799 380 2855 amici
402 2797 552 2869 plusculum
566 2806 640 2851 recto
650 2811 728 2851 secus
741 2795 861 2850 credere.
874 2793 958 2849 Nam·

167 2909 218 2967 que
228 2896 255 2950 ln
269 2893 322 2979 boc
336 2892 405 2947 facto
419 2906 467 2946 nos
477 2890 563 2961 magis
589 2889 685 2945 vulrrus
705 2889 801 2960 polluit
814 2888 910 2960 culpas,
934 2891 956 2945 si

168 2983 243 3043 terias
254 2985 324 3043 ictus
335 2983 452 3042 invidiae.
468 2982 541 3038 Vale.

382 3083 458 3152 111
474 3077 644 3135 EPlSTOLa
662 3078 744 3134 xttt.

316 3171 439 3228 Sidonius
455 3181 465 3208 ⁶
481 3170 615 3241 arcoqosti
629 3186 675 3224 suo
691 3169 806 3223 salutern.

203 3264 370 3323 Eminentius
395 3264 498 3320 amicus
522 3275 593 3331 tuus,
614 3264 722 3318 domine
745 3262 842 3333 rnajnr,
864 3260 960 3317 obtulit

1265 2806 1428 2864 EPlSTOLa
1449 2807 1540 2865 xtlll.

1177 2899 1301 2955 Sidonica
1316 2899 1438 2956 Lucontio
1457 2917 1504 2957 ruo
1526 2903 1634 2958 salutem
1707 2915 1709 2920 ’

1043 2993 1214 3050 Oblivisceris
1230 2994 1299 3064 quod
1314 2997 1433 3065 rogaris,
1449 3009 1518 3066 eque
1532 2997 1682 3063 contrario,
1697 2997 1719 3052 si
1735 2997 1797 3067 quid

1009 3087 1147 3157 injungas,
1173 3101 1205 3140 ea
1228 3099 1288 3141 asse
1311 3084 1456 3141 meministi
1480 3095 1613 3156 repetere.
1639 3086 1798 3158 Perlongum

972 3149 1061 3236 cest.
1076 3178 1110 3233 de
1125 3176 1179 3232 cito
1194 3175 1281 3231 reditu
1294 3190 1352 3247 qnae
1368 3184 1407 3243 tu,
1424 3176 1515 3247 tuique
1530 3173 1798 3246 promiseritismibi,

1009 3268 1129 3340 meisque
1151 3284 1159 3321 ε
1186 3282 1297 3338 qnorum
1324 3267 1442 3321 omnium
1464 3281 1518 3321 nou
1539 3277 1601 3322 sunt
1623 3267 1665 3322 vel
1688 3267 1798 3324 minima

102 3375 105 3378 ⁴
169 3357 243 3424 mihi,
254 3372 321 3429 quas
335 3356 393 3428 ipse
416 3356 535 3423 dictasti,
547 3355 651 3411 litteras
667 3353 811 3420 litteratas,
827 3361 854 3409 et
865 3354 959 3424 gravia
1009 3360 1152 3430 completa.
1167 3357 1235 3426 Quin
1248 3357 1347 3428 potius,
1362 3373 1422 3439 cum
1436 3356 1525 3426 fugam
1544 3357 1649 3414 anobis
1663 3359 1799 3415 machina·

168 3449 310 3527 trifariam
324 3446 469 3506 renidentis
494 3448 568 3504 culta
582 3448 715 3504 refertas:
731 3454 844 3517 quarum
867 3445 959 3516 utiquc
1009 3453 1120 3518 remini,
1136 3466 1189 3522 quo
1207 3463 1362 3506 reversuros
1376 3449 1409 3504 ad
1425 3464 1529 3506 sacrum
1544 3449 1643 3518 pascha
1657 3464 1705 3506 vos
1720 3447 1797 3521 pura.

167 3545 294 3602 virtutum
320 3545 418 3599 caritas
444 3545 530 3613 prima
544 3551 596 3610 est,
612 3556 672 3612 quae
688 3552 713 3596 te
727 3540 815 3611 coegit
829 3538 855 3594 in
869 3538 956 3606 nobis,
1010 3562 1110 3613 famus,
1125 3545 1204 3601 nuillae
1218 3559 1313 3617 graves
1333 3545 1445 3599 sarcinae
1463 3543 1495 3598 ad
1504 3545 1639 3614 predium
1655 3561 1687 3601 ex
1701 3545 1798 3616 oppido

167 3636 208 3692 rel
227 3633 388 3706 peregrinis,
401 3633 445 3689 rel
460 3633 515 3704 iarn
540 3632 624 3688 latere
648 3631 827 3702 cupientibus,
851 3628 959 3685 bomilia

167 3727 287 3798 dignari:
301 3736 359 3783 mut
369 3725 544 3796 verecundia,
555 3726 632 3795 cuius
642 3725 770 3779 instinctu
785 3722 847 3778 dnm
862 3723 958 3779 imme·

168 3822 217 3879 rito
237 3822 367 3893 trepidas,
392 3823 491 3878 merito
513 3820 685 3893 praedicarim
713 3821 789 3874 tertia
809 3818 957 3885 urbanitas,

169 3929 218 3988 qua
231 3926 258 3973 te
271 3915 386 3986 ineptire
401 3913 563 3971 facetissime
579 3913 690 3983 allegas,
710 3923 737 3968 ct
751 3911 895 3978 Quirinalis
909 3911 958 3966 im·

1012 3638 1110 3704 ducta,
1126 3636 1197 3690 nulla
1213 3649 1330 3700 serraca,
1345 3635 1417 3689 nulla
1432 3635 1524 3690 esseda
1539 3635 1719 3692 subvehendis
1731 3650 1798 3693 one·

1001 3732 1086 3788 rihns
1106 3728 1316 3784 attrahebantur.
1332 3726 1421 3796 thue
1433 3726 1467 3781 de
1481 3728 1668 3783 matronalium
1683 3731 1798 3799 partium

1012 3825 1050 3880 ull
1065 3838 1160 3896 querar
1173 3822 1278 3889 frande,
1292 3834 1357 3891 quas
1372 3833 1431 3875 curn
1450 3817 1580 3888 expeditu
1599 3820 1698 3876 tnttsua
1711 3822 1798 3894 impe·

1012 3916 1147 3979 diruentis,
1171 3924 1253 3983 tuque
1274 3911 1407 3980 fraterque
1428 3911 1577 3964 eommunis
1597 3908 1797 3980 *Volusianus

1012 4009 1056 4063 viv
1076 4004 1242 4074 singulorum*
1258 4002 1477 4073 clientum113
1497 4016 1692 4072 puerorumque
1713 4005 1798 4060 comi·

1010 4110 1064 4156 tatu
1086 4094 1275 4153 ambiebamini
1296 4113 1302 4147 :
1323 4108 1371 4162 per
1386 4095 1455 4162 quod
1477 4092 1684 4149 sollicitudinem
1703 4110 1797 4166 prose·

168 4008 256 4080 μοιιιι
262 4008 339 4064 fonte
348 4007 488 4074 facundiae,
501 4014 579 4077 potor
589 4005 707 4061 hlosellae
715 4003 834 4061 Tiberim
848 4012 955 4060 ructas:

169 4103 206 4160 sie
218 4101 394 4158 harbarorum
409 4100 558 4167 familiaris,
582 4099 653 4169 quod
669 4107 757 4153 tamen
776 4099 881 4154 nescius
896 4096 957 4154 bar·

169 4192 346 4251 barlsmorum
358 4210 366 4258 3
379 4191 548 4264 parducihus
560 4190 677 4260 antiquis
690 4191 789 4260 lingua,
806 4205 955 4259 manuque;
1007 4199 1135 4263 quentnm
1150 4201 1217 4242 vana
1237 4200 1298 4240 mor
1312 4183 1467 4240 recurrendi
1490 4198 1538 4253 spe
1556 4183 1703 4252 fefellistis;
1725 4196 1799 4243 corte

169 4286 213 4344 aed
225 4300 340 4358 vorum
354 4285 465 4340 dextera
487 4282 592 4355 solebat
605 4297 659 4336 non
670 4283 758 4337 minus
781 4282 879 4351 stylum
901 4292 957 4336 tra·
1008 4284 1091 4338 frater
1104 4278 1278 4345 Volusianus,
1294 4275 1338 4346 qui
1354 4274 1422 4330 forte
1439 4289 1552 4345 pergens
1566 4275 1592 4329 ln
1608 4276 1706 4343 pradia
1720 4276 1799 4347 llajo·

169 4386 239 4436 ctare
254 4392 336 4450 quarn
348 4375 475 4447 gladium.
499 4360 630 4442 Quocirca
647 4375 779 4430 sermonis
790 4390 885 4446 pompa
901 4377 956 4434 llo.
1009 4379 1125 4442 cnssiua,
1153 4380 1289 4441 totavnque
1315 4368 1481 4439 provinciam
1495 4376 1507 4405 ·
1521 4366 1726 4439 Lugdunensem
1756 4383 1799 4426 se·

203 4542 217 4572 ¹
235 4532 318 4588 Libro
329 4530 356 4586 iv
370 4530 397 4586 in
411 4528 541 4584 Verrem:
552 4527 695 4583 Praxiteles
714 4527 866 4599 Cupidinem
881 4535 958 4609 fecit,
973 4538 1081 4606 Dsinm
1096 4530 1221 4587 videlicet
1234 4527 1380 4582 leucorum
1395 4525 1521 4594 episcopo
1536 4541 1542 4578 :
1557 4524 1632 4595 cujus
1646 4528 1799 4596 nuperrime

170 4603 240 4660 illam
260 4603 304 4675 qai
316 4599 958 4671 estflrespiia:propterquamTlreapitcoiauntnr.
1013 4609 1046 4664 ad
1067 4605 1241 4672 arbogastem
1264 4597 1335 4652 edita
1357 4605 1399 4651 est
1419 4597 1529 4664 epistola
1552 4611 1611 4665 qua
1630 4595 1689 4651 haec
1710 4599 1799 4654 omnia

171 4673 240 4730 Nam
260 4673 314 4728 isliu
331 4669 519 4725 uisendicauru
536 4668 666 4724 crilloest.
688 4669 759 4724 idern
773 4675 853 4729 tradit
864 4676 960 4735 Strabo
1013 4678 1162 4733 corrhrvuat.
1187 4671 1269 4724 Docet
1282 4671 1353 4722 enim
1369 4667 1450 4735 hrigii
1467 4666 1549 4720 hlium
1565 4666 1657 4728 l'nisse,
1673 4669 1798 4725 camitem

169 4743 215 4801 lib.
231 4761 258 4800 rx
271 4760 279 4798 ε
291 4742 357 4801 atat
368 4743 479 4797 etenim
488 4743 612 4816 πρότερον
627 4744 671 4811 pia
681 4742 843 4815 ὶγιωρίζοντο
858 4744 899 4802 διὰ
919 4752 961 4805 eis
1013 4749 1203 4803 Treverorum,
1218 4755 1232 4792 c
1245 4739 1327 4806 stirpe
1341 4736 1497 4806 ashogastis
1510 4736 1618 4791 alterius
1631 4735 1736 4803 Franci,
1753 4741 1808 4810 qui·

150 4809 269 4891 'lupera
285 4808 496 4894 aquiciensis
511 4811 602 4884 fal-vnis
616 4815 661 4883 pia
675 4813 774 4878 facisne,
792 4816 890 4875 diadum
905 4818 932 4873 δὲ
946 4824 961 4879 ἡ
1013 4832 1105 4874 comes
1118 4813 1166 4867 fuit
1180 4809 1356 4863 Valentiniani
1368 4806 1492 4873 junioris.
1514 4807 1647 4862 Barbaros
1660 4822 1725 4876 ergo
1735 4810 1798 4891 qui·

151 4887 259 4962 ἑταίρα
274 4890 421 4940 Θεσπιεῦσι·
446 4882 567 4958 Πρότερον
582 4885 684 4951 plavia
701 4882 896 4952 ὄψὸασνοίτινες
918 4892 960 4945 τὸν
1011 4889 1123 4944 buscnvn
1146 4880 1313 4941 versabatur,
1339 4876 1457 4930 Francos
1481 4877 1651 4945 interpretor,
1674 4881 1719 4945 qui
1742 4894 1798 4949 garn

137 4949 403 5034 *sparsissemus
412 4955 505 5010 irrisis
514 4955 580 5017 aias,
590 4950 669 5012 ἄλλως
680 4936 960 5020 οὐκοῧσανᾰξιοθέατω.
1013 4966 1068 5012 tnm
1088 4956 1114 5009 in
1129 4950 1232 5019 belgica
1251 4950 1336 5017 prima
1354 4945 1573 5011 dominabantur,
1594 4947 1741 5002 anstistitem
1760 4950 1800 5006 ci-

205 5025 317 5095 &Cuius
338 5035 365 5078 ct
387 5023 480 5077 lhcrim
505 5023 626 5092 conjugis
644 5020 843 5091 epithalamium
863 5031 960 5084 cecinit
1012 5028 1102 5082 vitatis
1114 5023 1267 5091 episcopum
1283 5016 1485 5081 Trevireusem3
1500 5015 1601 5084 Lupum
1616 5030 1680 5071 vero
1693 5016 1799 5076 Tricas-

125 5097 288 5154 «armine
300 5097 345 5164 ll,
361 5095 486 5164 episcopo
511 5103 600 5163 postea
620 5091 816 5147 Lemovicensi.
839 5095 864 5150 ls
886 5101 957 5152 eninr
1010 5099 1110 5158 sinunt,
1124 5092 1156 5146 ad
1172 5104 1251 5158 quem
1266 5100 1319 5141 uon
1336 5086 1418 5141 setlief
1433 5085 1569 5140 Sidonius.

113 5177 209 5225 ηε
220 5169 297 5239 cujus
312 5169 403 5235 paneis
417 5163 516 5220 abhinc
529 5164 608 5219 annis
619 5175 653 5217 ea
665 5162 694 5217 Sl
715 5160 782 5217 Galli
797 5161 958 5225 bibliotheca
1046 5167 1059 5204 ‘¹
1075 5167 1167 5220 Frater
1181 5158 1282 5216 Sidonii
1298 5172 1306 5209 z
1321 5157 1353 5209 ad
1364 5170 1448 5234 ‘quem
1464 5155 1511 5211 lib.
1528 5170 1575 5211 vut
1590 5155 1670 5227 epist.
1686 5157 1730 5214 tt.

114 5241 231 5295 Quiri
248 5245 313 5292 sunt
327 5235 380 5292 duo
393 5233 453 5288 libri
467 5235 650 5303 epistolarum,
663 5246 730 5301 quas
744 5233 839 5301 partim
853 5238 958 5305 episeo·
1047 5246 1059 5274 ⁰
1080 5235 1270 5302 Lugdunenses
1296 5227 1440 5295 provincias
1467 5225 1568 5280 Sidonii
1599 5242 1657 5282 aevo
1684 5239 1799 5298 quatuor

22 5372 25 5382 ¹
114 5314 228 5378 laus,
248 5307 346 5378 partina
367 5315 430 5360 ante
445 5308 627 5374 episcopatum
643 5304 759 5371 scripsit.
777 5305 804 5358 ln
824 5305 876 5360 illis
897 5318 960 5362 surrt
1011 5316 1097 5370 crant,
1113 5301 1278 5367 totidemque
1301 5299 1327 5350 iu
1347 5295 1447 5363 Notitia
1467 5296 1572 5366 imperii
1597 5298 1797 5355 describuntur:

22 5389 28 5421 ¹·
105 5379 272 5450 §liquot
290 5378 323 5432 ad
339 5375 490 5440 Sidonium,
510 5385 590 5444 atque
607 5376 633 5428 iu
649 5373 690 5427 bis
704 5385 807 5439 octava,
823 5375 865 5429 eui
882 5375 960 5433 Sido·
1011 5395 1070 5446 quse
1083 5376 1117 5430 ad
1135 5380 1253 5428 nostram
1267 5367 1335 5421 lianc
1349 5373 1453 5421 aetatem
1469 5368 1592 5436 antiquas
1607 5367 1722 5422 retinent
1740 5382 1799 5422 rue·
1827 5395 1833 5435 :

26 5456 33 5467 ‘
104 5450 228 5504 *ains
249 5453 302 5504 hoe
321 5445 375 5518 fga
393 5446 452 5500 loco
470 5446 623 5515 respondet.
637 5444 729 5499 Eidem
744 5453 771 5500 ct
787 5447 853 5500 alias
865 5451 975 5503 scribit·
1012 5448 1140 5515 tropoles.
1165 5441 1361 5505 Primsecapur
1386 5435 1553 5504 Lugdunum,
1578 5437 1685 5505 deque
1708 5435 1797 5502 libr,
1828 5437 1838 5494 ἰ

101 5502 151 5562 Ι
172 5521 216 5574 ab.
229 5536 246 5574 r
260 5530 288 5575 et
302 5532 359 5583 vrrs,
376 5517 494 5569 nondum
510 5515 645 5583 episcopo.
1011 5520 1091 5583 epist.
1108 5517 1134 5568 i.
1160 5509 1289 5567 Secttndm
1304 5505 1496 5576 flothornagns,
1523 5506 1566 5561 cul
1591 5505 1683 5560 subest
1704 5503 1797 5561 civitas

100 5641 136 5656 ,
206 5591 270 5645 ‘Ex
287 5587 389 5644 Sidonii
413 5587 504 5640 verbis
519 5586 646 5639 docemur
660 5583 834 5654 arbogastem
857 5589 956 5661 stylum
1014 5584 1192 5643 llaiocassitnn
1205 5583 1255 5635 hoc
1270 5579 1336 5633 loco.
1361 5574 1586 5657 fartissimum,
1603 5588 1662 5643 quae
1676 5571 1798 5628 nomina-

103 5656 141 5698 *
165 5671 237 5716 tuor
255 5674 331 5714 arma
354 5666 493 5720 tractasse,
512 5656 593 5711 doum
608 5655 712 5724 belgam
728 5659 820 5722 fuisse,
841 5660 959 5713 habitas·
1014 5669 1057 5712 tur
1077 5659 1102 5710 in
1116 5652 1227 5723 epistola
1243 5652 1339 5705 Leonis
1354 5647 1534 5708 bituricensis,
1553 5645 1718 5711 altorumque
1737 5644 1798 5714 epi.

105 5729 250 5804 &tapete
267 5729 302 5784 ad
317 5727 470 5793 hfosellavn,
483 5742 536 5780 nou
552 5727 643 5795 procul
656 5730 688 5781 ath
700 5726 836 5800 hospicio,
851 5729 959 5789 Tollen-
1013 5740 1174 5791 seonrruru,
1202 5721 1242 5777 Nc
1268 5720 1365 5775 clericis
1379 5725 1507 5788 *repetam
1529 5711 1663 5768 sarmaria
1683 5712 1799 5789 judicie,

313 5823 448 5887 Parnon.
472 5816 581 5884 Ll'llf.
1613 5794 1656 5866 'f'l
