3810 6254
137 322 187 394 ast
776 310 1138 387 stnnnrraromtnams

139 447 267 520 posceris,
282 448 409 519 antiquati
424 447 532 503 honoris
544 435 688 518 perniciter
700 445 801 503 sarcire
813 444 923 515 dispen·
936 447 965 507 Α
1259 438 1427 496 arrisione
1448 437 1480 493 i.

140 539 233 597 dium:
249 554 282 597 ne
300 541 323 595 si
341 549 414 594 extra
430 539 635 609 prerogativam
650 538 795 595 consiliarii
811 538 838 592 in
852 550 921 592 con·
1036 545 1044 552 ’
1135 549 1284 607 summe
1296 550 1411 605 gesom-p,
1425 565 1472 605 ,w
1486 548 1605 604 gaqum,

139 630 229 688 cilium
239 631 354 699 veneris,
368 630 441 687 solas
452 631 612 688 vicariorum
623 632 695 688 vices
706 631 794 702 egisse
805 628 923 685 videare.
1377 685 1383 696 ‚
1527 682 1533 694 ,
1599 682 1605 694 ,

140 720 214 778 qm·
1010 683 1127 742 Litteras
1141 694 1200 741 tuas
1215 683 1308 741 Romae
1325 691 1430 754 positus
1442 698 1546 753 accept,
1562 682 1658 753 qmbns
1676 696 1710 737 an
1726 696 1770 740 se-

977 776 1094 834 cundom
1122 792 1267 832 commune
1293 776 1435 832 consilinm
1462 790 1522 831 sese
1548 773 1771 847 peregrinationis

392 854 605 928 SEPssTOLA
624 857 669 914 W·
978 885 1047 926 mem
1070 879 1158 940 coepta
1183 878 1358 940 promoveant
1382 866 1512 924 sollicitus
1538 866 1662 938 inquiris.
1692 865 1770 923 Viam

979 959 1060 1018 etiam
1074 961 1181 1033 qualem
1194 960 1361 1032 qualiterque
1378 957 1553 1025 coniecerim,
1569 973 1636 1030 quos
1655 965 1702 1012 aut
1719 953 1770 1010 ilu-

980 1051 1037 1106 vios
1064 1051 1178 1107 viderim
1205 1061 1343 1120 poetarum
1367 1049 1533 1107 carminibus
1558 1048 1694 1117 illustres,
1726 1051 1772 1102 aut

176 1145 261 1204 llacte
274 1147 351 1215 esto,
374 1147 416 1204 vir
430 1146 610 1219 amplissime,
634 1147 752 1204 fascibus
767 1147 850 1217 partis
866 1144 929 1201 dote
980 1144 1061 1199 nrbes
1075 1139 1202 1200 mmuium
1218 1142 1270 1200 situ
1284 1143 1413 1217 inclytas,
1437 1150 1484 1200 aut
1504 1151 1610 1199 montes
1630 1140 1771 1203 nomiuntu

141 1241 317 1298 meritorum:
333 1256 447 1310 quornm
469 1251 497 1297 ut
520 1239 605 1298 titulis
625 1241 799 1311 apicibusque
814 1238 928 1309 potiare,
981 1236 1106 1308 opinione
1117 1238 1249 1309 vulgatos,
1258 1246 1304 1292 aut
1316 1251 1425 1307 campos
1436 1235 1588 1306 pretiorum
1599 1233 1773 1305 replicatione

141 1350 195 1390 non
210 1343 345 1390 alaternus
359 1334 472 1404 reditus,
497 1335 657 1391 unaevitas
680 1334 850 1404 largitiones,
875 1348 929 1388 nma
982 1326 1192 1384 monstrabiles:
1218 1328 1279 1397 quia
1302 1324 1490 1397 voluptuosum
1513 1340 1634 1409 censeas,
1654 1341 1715 1398 quae
1736 1324 1774 1381 ie·

141 1428 249 1482 uxorias
259 1442 388 1497 gemmas,
402 1445 455 1484 uon
467 1438 591 1499 paternas
601 1429 728 1499 pecunias
739 1425 929 1483 numeravisti:
982 1421 1072 1477 ctione
1085 1419 1267 1490 compereris,
1291 1434 1383 1475 eornm
1403 1418 1448 1490 qui
1471 1418 1639 1489 inspexerint
1653 1417 1774 1474 fideliore

142 1516 203 1586 quia
218 1517 264 1572 tibi
279 1519 431 1574 econtrario
443 1517 457 1558 b
470 1520 539 1590 apud
560 1517 690 1593 principis
704 1521 824 1585 domum,
842 1519 931 1586 inspe·
983 1509 1110 1567 didicisse
1124 1518 1285 1566 memoratu·
1307 1507 1437 1578 Quocirca
1452 1509 1556 1579 gaudeo
1575 1518 1601 1564 te
1619 1507 1683 1580 quid
1697 1523 1773 1581 agam
1854 1583 1858 1587 ⁵

142 1617 185 1664 cta
200 1610 354 1691 sinceritas,
377 1621 496 1682 spectata
510 1613 649 1682 sedulitas,
665 1611 782 1670 admissa
804 1599 931 1669 sodalitas
982 1616 1082 1675 cupere
1106 1615 1285 1673 cognoscem
1311 1616 1425 1674 namque
1448 1599 1634 1672 hujuscemodi
1656 1600 1774 1659 studium

144 1696 217 1754 laudi
231 1697 316 1756 fraere.
332 1700 461 1773 uterque
475 1712 623 1775 quaterque
636 1703 744 1760 beatam
758 1713 794 1769 te,
810 1704 844 1758 de
856 1700 932 1772 carius
983 1693 1043 1757 dex
1055 1696 1151 1755 allecto
1167 1697 1296 1754 interiore
1310 1697 1497 1768 proficiscitur.
1513 1697 1600 1766 ilicet,
1616 1707 1644 1755 et
1658 1697 1681 1753 ai
1696 1713 1776 1756 secus

143 1790 351 1848 criminemur
365 1795 458 1850 aures
472 1796 582 1862 reatin,
599 1797 795 1868 tristamus,
816 1797 931 1868 postem
948 1790 1127 1891 Bquaepran,
1151 1791 1202 1846 suu
1225 1805 1277 1862 oue
1299 1797 1390 1847 umen
1412 1790 1461 1847 nea
1485 1790 1575 1846 orem
1593 1805 1610 1847 a
1630 1789 1775 1857 secundia

143 1884 243 1958 gloria;
259 1896 313 1943 tum
328 1901 457 1960 practerea
468 1891 569 1961 vegetis
583 1901 610 1947 et
621 1891 755 1948 alacribus
767 1891 932 1961 exemplum,
985 1885 1081 1955 quibus
1092 1884 1245 1955 primordiis
1256 1885 1374 1956 majores
1383 1884 1561 1942 uostrietiam
1573 1884 1775 1944 sinisteritatum

144 1975 281 2035 desidibus
301 1987 329 2035 et
350 1980 433 2050 pigris
454 1980 673 2049 incitamentum,
695 1992 724 2039 et
744 1993 833 2038 tamen
852 1981 874 2037 si
888 1980 935 2052 qni
985 1992 1095 2035 suarum
1116 1977 1262 2034 relationes
1276 1977 1402 2035 evolvere
1415 1976 1633 2048 auspicabantur.
1659 1978 1777 2050 Egresso

93 2062 96 2068 ’
144 2078 206 2125 suut
217 2070 473 2145 quitequocunque
484 2074 574 2130 animo
588 2074 715 2144 deinceps
727 2074 934 2141 aemulabuntur,
986 2067 1385 2125 ministraedannsinnosue
1397 2067 1666 2139 moenlbuapublicus
1681 2082 1777 2126 curam

144 2156 195 2215 sibi
206 2160 328 2230 iorsitan,
344 2162 366 2218 si
381 2170 408 2220 to
421 2174 631 2235 cousequantur,
644 2165 774 2233 debeaut;
791 2164 840 2220 tibi
854 2164 936 2222 debe·
986 2159 1046 2215 usui
1061 2158 1121 2227 luit,
1134 2157 1144 2197 l
1157 2166 1249 2232 utpote
1261 2159 1347 2217 sacris
1365 2159 1486 2231 apicibus
1503 2159 1603 2227 accito,
1622 2168 1652 2217 et
1669 2159 1777 2231 quidem

146 2245 213 2306 burst
229 2252 432 2322 proculdubio,
454 2254 525 2325 quod
544 2265 703 2326 sequuntur.
729 2256 857 2324 spectare
870 2255 936 2315 mibi
987 2268 1036 2323 per
1049 2252 1184 2311 domicilia
1198 2254 1331 2310 sodalium
1348 2255 1631 2328 propinquommque:
1652 2254 1699 2312 ubi
1713 2269 1779 2312 sane

145 2342 255 2415 videor,
279 2346 412 2405 bonorum
438 2361 504 2419 pace
528 2347 659 2419 praelata,
686 2347 759 2404 iilam
785 2349 813 2404 in
839 2347 938 2408 invidis
987 2360 1091 2403 mamm
1102 2347 1185 2403 vianti
1195 2362 1249 2402 non
1259 2344 1418 2404 veredorum
1430 2347 1560 2415 pancitas,
1573 2345 1621 2404 sed
1630 2347 1778 2405 amicorum

283 992 408 1049 Sidonias
419 1003 431 1031 ι
442 993 586 1049 Gaudentio
600 1010 647 1050 auo
660 992 781 1050 sulutem.

146 2430 279 2508 naariam
294 2440 511 2508 superbientem,
532 2448 559 2494 et
579 2439 645 2496 iilud
659 2439 790 2496 militandi
805 2439 937 2496 inertibus
988 2438 1132 2495 multitudo
1150 2438 1288 2496 iaciebat:
1308 2453 1369 2511 qum
1386 2439 1452 2495 mibi
1472 2445 1549 2495 arcto
1565 2437 1691 2509 implicita
1707 2452 1780 2495 oont-
1889 2494 1902 2502 ,

146 2528 279 2586 lamiliare
293 2529 447 2600 fastidium,
468 2545 529 2587 cum
543 2546 558 2586 a
573 2531 761 2603 desperatione
777 2529 936 2598 crescendi,
989 2531 1086 2602 plexu,
1113 2530 1181 2587 itum
1204 2530 1374 2602 reditumque
1394 2530 1501 2588 leliccm
1523 2530 1689 2588 certandbns
1704 2531 1780 2587 -votis

147 2621 218 2681 iutsr
232 2622 378 2680 bibendum
399 2623 638 2695 philosophantes,
661 2624 742 2682 terias
764 2625 938 2682 inhonorato·
988 2623 1221 2693 comprecabatur.
1247 2622 1291 2678 Sic
1304 2621 1412 2693 Alpium
1425 2621 1496 2693 iugis
1517 2622 1780 2695 appropinquatum:

147 2729 207 2776 rum
223 2714 347 2783 laudaut,
363 2716 428 2771 vitio
442 2715 562 2786 desidie,
578 2732 632 2773 nou
646 2717 736 2773 studio
754 2716 936 2789 perfectionis.
989 2729 1101 2787 quamm
1117 2713 1183 2769 milri
1195 2715 1265 2769 citus
1277 2721 1305 2769 et
1318 2713 1405 2769 tacitis
1415 2727 1556 2779 ascensus,
1567 2722 1596 2770 et
1607 2713 1677 2771 intsr
1687 2713 1781 2771 ιιιιίιιι-

146 2803 384 2877 Culusappetitus,
398 2806 938 2879 neadbucpnerisusuitoret,ma1'ornm
990 2821 1043 2878 qne
1058 2806 1110 2879 10
1123 2805 1250 2863 terrentis
1269 2804 1355 2863 latera
1377 2805 1505 2876 praerupti
1519 2805 1620 2861 cavatis
1638 2805 1668 2861 in
1685 2804 1781 2861 callem

146 2895 247 2969 iudicia
263 2896 452 2968 reiiciebatur3
474 2897 514 2953 sic
533 2897 736 2956 adolescentum
747 2898 940 2957 declamatlnn·
990 2896 1097 2956 nivibus
1110 2897 1206 2953 itinera
1221 2896 1334 2955 mollita.
1351 2895 1507 2953 Flauiorum
1520 2910 1627 2969 quoqne
1637 2896 1660 2953 si
1672 2897 1717 2968 qui
1728 2910 1781 2952 non

146 2987 220 3045 culas
245 2989 341 3060 pannis
368 2988 508 3047 textilibus
532 3001 729 3060 comparantes,
753 2989 940 3063 intelligebant
990 2989 1169 3060 navigabiles,
1184 2988 1251 3044 vada
1267 2988 1420 3055 commoda,
1436 2988 1478 3044 vel
1489 2997 1562 3045 certe
1573 2988 1659 3060 pervii
1674 2998 1781 3058 pontes,

147 3081 252 3153 eloquia
273 3082 401 3154 juvenum
425 3081 587 3139 laboriosius
610 3084 703 3139 brevia
726 3083 839 3153 produci
859 3097 938 3154 quam
990 3094 1059 3152 quos
1068 3078 1436 3152 antiquitasslundameutis
1450 3080 1483 3136 ad
1496 3094 1581 3150 usque
1592 3093 1718 3152 aggerem
1729 3081 1782 3135 cal·

148 3182 271 3245 porrecta
284 3173 394 3230 succidi.
417 3173 469 3229 Sed
486 3174 547 3228 binc
560 3172 622 3244 quia
637 3175 688 3228 ista
703 3174 762 3229 iraec
776 3175 852 3241 satis,
866 3174 938 3243 quod
991 3172 1068 3228 cabili
1090 3172 1166 3228 silice
1185 3178 1332 3228 crustatum
1352 3171 1478 3243 crypticis
1498 3173 1613 3227 arcubus
1627 3169 1781 3228 fornicavit.

148 3265 259 3331 subest,
282 3278 389 3336 queso,
414 3262 613 3330 reminiscaris,
636 3265 704 3320 relic
721 3279 766 3320 me
787 3265 836 3319 tibi
855 3265 938 3321 studii
990 3262 1784 3335 s'l'ieinienrsoriampicnavigionomen)mcsndi:quain

149 3355 262 3426 trajmce
284 3355 497 3413 vicissitudinem
521 3355 719 3428 reponderare,
745 3356 876 3430 onrado
894 3371 940 3415 ms
991 3354 1783 3428 Eridanumtrrevidelatus,ctcantatassaepecomesaatiter

149 3446 300 3505 acdouibm
311 3446 392 3518 iustis
406 3445 478 3505 bens
495 3461 617 3504 annuens
629 3457 656 3504 et
670 3437 798 3518 sospitem
814 3457 939 3520 praestet,
991 3447 1070 3505 uobis
1077 3445 1315 3516 Ptraetlaoutiadas,
1322 3455 1351 3506 et
1359 3448 1557 3506 commentitias
1564 3448 1673 3507 arborei
1682 3448 1786 3508 mermi

149 3549 177 3598 st
188 3540 326 3599 reluceat.
340 3539 415 3596 Vale.
992 3540 1124 3612 lacrymas
1135 3539 1190 3596 risi.
1205 3540 1334 3598 lllrosnm
1345 3542 1500 3612 Lambrum,
1509 3543 1639 3599 emmim
1649 3540 1783 3609 Adduam,

185 3724 316 3783 ⁸ttcerin
329 3720 345 3780 l
359 3721 574 3795 provinciarum,
594 3723 655 3793 elus
668 3720 779 3779 lionoris
794 3721 884 3794 apices
896 3736 944 3780 co
998 3722 1066 3780 stam
1082 3722 1238 3794 appellavit.

151 3797 312 3867 dicillosqne
324 3803 387 3851 tunc
401 3794 504 3866 adepto.
1035 3791 1046 3833 ¹
1058 3793 1164 3866 Alioqui
1177 3795 1282 3864 privato
1292 3793 1398 3851 veredis
1411 3793 1524 3864 publicis
1534 3795 1572 3853 uti
1585 3809 1639 3852 nou
1654 3792 1784 3865 licuisset,

188 3866 351 3923 ΙἈιιιιιιιιιιίἰ
369 3865 437 3934 bug.
453 3863 545 3920 vicarii
565 3879 581 3919 a
601 3862 722 3936 principe
736 3864 795 3934 ipso
810 3864 944 3923 creaban·
995 3880 1057 3922 oum
1077 3865 1118 3921 lea
1141 3865 1248 3921 lionorii
1265 3865 1316 3919 lanc
1330 3874 1444 3935 excepto
1463 3866 1551 3937 capite
1574 3865 1727 3931 intenlicat,
1744 3865 1785 3920 Ne

149 3948 204 4006 tur,
228 3954 284 3993 uon
305 3951 320 3990 a
344 3936 488 4006 prefectis.
512 3933 689 3991 Cassiodorus
703 3945 813 3991 senator
831 3937 857 3988 in
877 3933 943 3990 For·
995 3938 1072 4007 quie,
1097 3936 1156 4000 ait,
1181 3935 1229 3988 citri
1251 3934 1369 4005 deinceps
1392 3952 1494 3992 curarant
1517 3936 1646 4006 pullicum
1668 3937 1785 4007 priuatus

149 4010 220 4064 naula
235 4007 325 4064 vicarii
339 4008 425 4073 urbiS,
442 4005 555 4076 Propria
570 4014 606 4060 est
620 4004 779 4076 jurisdictio,
795 4022 851 4075 quc
864 4008 942 4061 datur
995 4015 1112 4077 usurpet,
1131 4006 1180 4061 arisi
1194 4021 1251 4060 cunr
1265 4016 1309 4059 ant
1324 4024 1340 4061 a
1354 4007 1426 4061 nobis
1440 4016 1570 4072 crocatur,
1584 4017 1627 4061 nat
1641 4023 1658 4059 u
1671 4006 1783 4061 nlenten-

148 4079 309 4149 nprincipc.
334 4077 450 4133 Proinde
465 4076 625 4131 Maximinus
645 4075 719 4131 leros
740 4076 785 4132 illc
800 4077 942 4146 praelectus
996 4080 1039 4132 tice
1054 4084 1148 4133 nostru
1166 4079 1327 4130 ueneratione
1348 4077 1465 4131 discedit.
1492 4077 1574 4133 lloris
1594 4085 1683 4132 antem
1703 4074 1785 4133 luisse

170 4151 267 4204 raetorii
278 4148 312 4202 de
322 4161 376 4216 qno
387 4146 557 4201 liarcellinus
569 4147 617 4201 lib.
629 4162 726 4208 xxvarr,
741 4161 802 4201 cum
816 4146 943 4200 vicariana
997 4158 1026 4202 ut
1039 4162 1107 4218 quos
1130 4145 1162 4200 ad
1187 4162 1217 4200 se
1240 4147 1359 4202 accirent
1379 4146 1530 4220 principes,
1552 4148 1719 4203 evectionem
1734 4147 1785 4203 illis

194 4217 357 4288 rypitoriauo
381 4215 498 4271 delatam
521 4223 653 4283 cuperet.
684 4229 738 4269 non
762 4231 822 4269 enm
848 4215 944 4271 detulit
997 4217 1198 4282 concederent,
1228 4216 1347 4272 indicant
1371 4217 1467 4274 litterae
1491 4214 1638 4274 Cirtastantii
1662 4216 1732 4287 Aug.
1754 4217 1783 4273 S.

150 4288 217 4355 ipse,
234 4286 281 4340 sed
297 4301 311 4338 a
328 4284 447 4354 principe
461 4284 624 4353 impetravit.
644 4286 728 4338 secus
742 4291 864 4340 rectores
881 4298 944 4353 pro·
996 4286 1170 4342 Athanasium
1182 4287 1317 4342 evocantis
1327 4288 1397 4357 apud
1409 4287 1605 4344 lirendorctum
1617 4284 1785 4345 libnetlu·

151 4357 298 4412 vinciacum
311 4354 356 4423 qni
377 4370 393 4407 a
413 4351 546 4423 prefectu
562 4354 627 4423 ipsis
644 4353 827 4419 mittebantur,
850 4368 941 4408 remo·
995 4355 1059 4411 liniri
1073 4356 1106 4411 ad
1120 4356 1293 4412 Eustoclnimn
1309 4358 1351 4413 lais
1363 4358 1464 4424 verbis,
1474 4357 1516 4420 ἧκε
1530 4360 1637 4429 μεθέξων
1649 4359 1784 4420 ὑπατείας.

151 4424 335 4492 rebauturqne
356 4424 416 4478 siue
435 4438 448 4476 s
468 4422 543 4476 eciali
563 4422 721 4477 auctoritate
744 4423 888 4492 principis,
914 4433 943 4480 ut
994 4423 1062 4492 'dict
1076 4426 1102 4482 δέ
1114 4449 1144 4482 σε
1158 4426 1279 4498 δημόσιος
1294 4426 1384 4499 δρόμος
1402 4431 1517 4502 ὀχήματι
1529 4427 1727 4504 χρώμενονένι,
1743 4431 1786 4485 :at

151 4501 225 4614 patet
238 4509 271 4550 ea
285 4492 334 4549 lib.
344 4507 373 4547 ιιι
387 4492 421 4547 de
440 4437 532 4570 tiilicio
545 4491 598 4546 PP.
614 4489 732 4547 Orientis
747 4502 775 4546 et
787 4493 899 4563 lllyrici,
914 4507 942 4551 ct
997 4502 1133 4568 παρίππῳ.
1273 4531 1276 4535 ⁴

162 4563 199 4618 ib.
213 4579 239 4618 ιι
254 4562 288 4618 de
301 4561 446 4618 advocans
463 4561 562 4617 divers.
576 4561 707 4630 iudicum.
723 4562 867 4632 Propterea
882 4566 942 4621 vice
1033 4578 1046 4614 s
1062 4566 1185 4623 Ostcmlit
1204 4568 1247 4624 laic
1268 4567 1342 4623 locus
1362 4583 1470 4624 cursum
1490 4567 1624 4636 publicum
1640 4565 1785 4640 unusquis

151 4639 253 4687 tautum
270 4631 436 4702 praefectoria
455 4631 577 4701 judicare
590 4632 763 4696 dicebantnr3
784 4633 876 4687 vicarii
892 4651 941 4688 au·
997 4647 1099 4692 tantuna
1116 4638 1300 4705 valliculisque
1314 4640 1436 4706 stetisse,
1458 4640 1505 4694 sed
1526 4636 1637 4710 navigiis
1650 4639 1732 4694 etiarn
1753 4651 1786 4693 ac

150 4707 206 4757 tem
222 4704 280 4770 vice
292 4718 379 4769 mera,
396 4711 425 4756 ιιι
437 4702 483 4771 qui
498 4716 513 4755 a
529 4702 648 4772 principe
663 4703 877 4772 jurisdictionem
894 4705 940 4759 lra-
996 4709 1172 4763 dromonibus
1188 4724 1234 4777 per
1248 4709 1372 4775 ilnurina,
1396 4709 1486 4772 lacus,
1502 4709 1592 4776 sinus,
1608 4718 1637 4762 ut
1650 4723 1695 4765 res
1709 4707 1785 4778 tulit,

151 4772 256 4828 bereut.
283 4772 399 4829 Senator
411 4772 496 4837 idem,
520 4773 573 4827 nice
595 4788 668 4826 socru
690 4774 841 4827 senteutiam
863 4774 937 4829 dicis.
955 4751 1157 4832 ”distributis
1174 4779 1249 4844 erod
1265 4794 1330 4834 saue
1343 4793 1435 4833 verum
1450 4786 1502 4833 est.
1521 4777 1586 4833 llam
1601 4777 1629 4834 id
1641 4778 1707 4835 satis
1720 4793 1783 4849 quo

152 4842 188 4898 Et
200 4842 343 4900 lib.1cod.
354 4842 389 4900 de
402 4842 490 4898 cilicio
501 4842 604 4909 vicarii,
621 4842 724 4898 i'ieeriu
737 4843 846 4925 dignitas
862 4860 942 4900 mere
1013 4863 1174 4918 neappaiet
1193 4864 1226 4903 ex
1248 4850 1335 4904 tabula
1358 4849 1511 4914 itineraria,
1552 4863 1593 4902 ue
1614 4853 1666 4904 iter
1679 4847 1784 4905 Verona

150 4912 302 5038 suspitionis
324 4911 398 4967 labet
421 4922 586 4982 potestatem,
611 4922 635 4968 ct
653 4914 823 4987 judicationis
847 4926 941 4971 nostras
993 4864 1151 4974 annuentium
1168 4934 1216 4988 per
1230 4918 1358 4974 llostilias
1372 4919 1527 4989 designans,
1568 4917 1663 4975 ostilils
1677 4917 1784 4975 Rarau-

151 4997 179 5037 so
191 4990 215 5037 et
228 4992 410 5053 representare
425 4984 602 5063 conscentium.
994 5002 1057 5043 nam
1072 5002 1119 5057 per
1132 4988 1232 5045 Padum
1246 4990 1297 5044 iter
1310 4987 1459 5045 laciendum
1470 4997 1558 5054 aotat;
1570 4997 1599 5045 et
1609 5004 1643 5044 ex
1654 4987 1784 5047 Senawrs

179 5062 203 5110 ,ι
216 5052 375 5125 Lugdunum
391 5051 425 5108 ab
441 5050 512 5134 Urbe
527 5068 621 5119 missa,
636 5062 664 5107 nt
683 5055 742 5109 dun
757 5053 940 5135 praecedentes
994 5058 1065 5128 apud
1081 5073 1160 5140 quem
1174 5059 1196 5113 T
1200 5060 1359 5115 ireodnricns
1378 5074 1426 5115 rea
1440 5057 1622 5115 dromonariis
1637 5056 1782 5115 llostilieu·

152 5134 185 5176 ac
197 5122 308 5193 reliquae
322 5123 402 5193 bajus
418 5122 478 5178 libra
496 5137 590 5177 omnes
610 5133 707 5192 preter
720 5126 851 5180 ultimam.
878 5123 941 5181 llaec
993 5128 1069 5183 sbus
1093 5145 1120 5183 nr
1143 5133 1214 5200 *inuno
1229 5128 1336 5184 modum
1355 5128 1450 5184 scribit
1471 5128 1519 5185 lib.
1532 5144 1551 5185 n
1568 5127 1728 5185 llariarumz
1750 5125 1788 5185 lla

152 5203 226 5273 vcro,
234 5192 460 5272 elegantissimam
478 5193 528 5264 12
543 5194 663 5249 continet
678 5193 759 5252 totius
771 5195 875 5253 itineris
888 5193 943 5251 llo·
995 5197 1053 5251 ideo
1069 5199 1154 5253 corriti
1168 5214 1299 5252 sacrarum
1313 5196 1480 5270 turpilianum
1497 5210 1583 5253 nostru
1600 5200 1722 5270 precepit
1740 5214 1788 5253 aa·

153 5274 226 5316 mant
240 5262 325 5317 desen
348 5264 456 5319 tionem.
999 5269 1111 5336 ctoritnr,
1125 5278 1152 5323 ut
1166 5270 1194 5322 in
1208 5267 1361 5323 Hostiiteml
1376 5270 1432 5322 toco
1446 5269 1565 5324 constitui
1577 5269 1691 5325 delectis
1700 5282 1788 5340 ειμι-

145 5366 149 5434 ,
188 5325 246 5387 ap„
260 5332 320 5386 aliis
345 5331 419 5400 ibris,
433 5334 474 5388 de.
994 5347 1068 5392 tenus
1083 5336 1165 5407 fiscali
1180 5338 1339 5392 bomnrritnte
1357 5339 1479 5404 recreati,
1499 5355 1621 5395 euersas
1638 5354 1699 5394 caat
1714 5353 1787 5395 osas·

191 5401 351 5528 ‘Lusgduni
366 5404 460 5473 patriae
473 5405 579 5476 utrique
593 5406 752 5462 communis.
777 5406 810 5462 lit
829 5405 938 5464 illauda-
993 5407 1075 5463 dario
1089 5408 1244 5478 pertulusum
1258 5405 1326 5462 Pudi
1342 5424 1412 5463 neore
1424 5410 1499 5464 solito
1515 5409 1637 5478 pecturis:
1651 5417 1679 5465 st
1703 5407 1788 5464 dinian

155 5473 232 5532 uusla
271 5471 372 5545 idonvo,
395 5474 541 5555 sictlraria
559 5475 692 5538 interdurn
712 5476 788 5545 aliis,
811 5478 882 5546 quod
904 5477 938 5533 ad
993 5477 1082 5533 labore
1099 5480 1170 5549 equis
1191 5475 1299 5541 publicis
1314 5478 1402 5534 debent
1415 5482 1553 5550 subveniri,
1574 5478 1677 5551 quando
1695 5493 1789 5535 ceraaa

155 5544 293 5615 utriusque
306 5544 423 5603 durnims
437 5545 603 5601 conduentes
620 5548 705 5614 posita
720 5549 765 5600 sit.
787 5549 858 5602 Alias
872 5562 939 5617 quo·
993 5557 1074 5603 uerter
1089 5566 1140 5602 non
1161 5549 1287 5618 altoltus,
1310 5554 1355 5621 qui
1375 5553 1489 5620 perolas
1508 5552 1788 5624 connuncupantur.

154 5628 207 5684 que
221 5616 302 5672 nrbes
314 5616 348 5672 ad
364 5614 521 5671 Rhodauum
536 5619 602 5672 sitas
619 5617 810 5672 Rhodanitidas
826 5619 892 5673 dixit
912 5620 938 5674 iu
993 5619 1152 5673 ilrornonari
1168 5620 1282 5690 reaniges
1295 5632 1373 5677 erant
1384 5623 1563 5680 dromonum:
1578 5625 1725 5681 dromones
1740 5640 1790 5678 an·

154 5684 275 5741 cartarius
286 5684 489 5743 Anacreontion.
508 5687 622 5740 trenmns
635 5701 698 5741 vero
710 5691 840 5743 rationem
854 5689 862 5743 i
883 5702 940 5744 sam
994 5697 1058 5750 terii,
1070 5688 1209 5765 lpipears,
1220 5695 1359 5761 cursorie,
1372 5692 1491 5765 expediti
1500 5706 1595 5752 eunus
1605 5690 1712 5765 rtarlgla
1724 5692 1789 5750 ltuie

156 5754 322 5823 dactntnutte
333 5756 403 5815 circa
420 5755 577 5815 ilbodanum
592 5754 775 5824 ‘calamentum
794 5756 850 5812 illan
872 5774 939 5813 auu·
967 5762 1033 5851 *τιεί
1046 5760 1188 5816 destinata.

839 5869 864 5886 ‘⁶
1091 5889 1101 5898 υ
1450 5866 1524 5903 .ν“
1617 5904 1622 5911 ,
1647 5884 1681 5902 w·
1693 5870 1792 5906 ,μω-θ’
1812 5876 1825 5898 9
