<?xml version="1.0" encoding="UTF-8"?>
<!DOCTYPE html PUBLIC "-//W3C//DTD XHTML 1.0 Transitional//EN"
    "http://www.w3.org/TR/xhtml1/DTD/xhtml1-transitional.dtd">
<html xmlns="http://www.w3.org/1999/xhtml" xml:lang="en" lang="en">
 <head>
  <title>
</title>
<meta http-equiv="Content-Type" content="text/html;charset=utf-8" />
  <meta name='ocr-system' content='tesseract 3.04.00' />
  <meta name='ocr-capabilities' content='ocr_page ocr_carea ocr_par ocr_line ocrx_word'/>
</head>
<body>
  <div class='ocr_page' id='page_1' title='image "./patrologiaecurs99unkngoog_0283.png"; bbox 0 0 3810 6254; ppageno 0'>
   <div class='ocr_carea' id='block_1_1' title="bbox 130 280 967 456">
    <p class='ocr_par' dir='ltr' id='par_1_1' title="bbox 130 280 967 456">
     <span class='ocr_line' id='line_1_1' title="bbox 130 280 185 338; baseline -0.036 0"><span class='ocrx_word' id='word_1_1' title='bbox 130 280 185 338; x_wconf 70' lang='grc'><strong>575</strong></span> 
     </span>
     <span class='ocr_line' id='line_1_2' title="bbox 134 383 967 456; baseline -0.016 -4"><span class='ocrx_word' id='word_1_2' title='bbox 134 395 197 452; x_wconf 90' lang='lat' dir='ltr'><strong>dam</strong></span> <span class='ocrx_word' id='word_1_3' title='bbox 223 389 440 456; x_wconf 74' lang='lat' dir='ltr'>decerneremus,</span> <span class='ocrx_word' id='word_1_4' title='bbox 473 386 528 445; x_wconf 89' lang='lat' dir='ltr'><strong>nisi</strong></span> <span class='ocrx_word' id='word_1_5' title='bbox 549 385 577 441; x_wconf 92' lang='lat' dir='ltr'><strong>in</strong></span> <span class='ocrx_word' id='word_1_6' title='bbox 603 385 728 442; x_wconf 92' lang='lat' dir='ltr'><strong>omuibus</strong></span> <span class='ocrx_word' id='word_1_7' title='bbox 758 383 967 448; x_wconf 69' lang='lat' dir='ltr'><strong>obsecuturi.A</strong></span> 
     </span>
    </p>
   </div>
   <div class='ocr_carea' id='block_1_2' title="bbox 134 479 753 632">
    <p class='ocr_par' dir='ltr' id='par_1_2' title="bbox 134 479 753 632">
     <span class='ocr_line' id='line_1_3' title="bbox 134 479 753 553; baseline -0.018 -8"><span class='ocrx_word' id='word_1_8' title='bbox 134 487 235 545; x_wconf 87' lang='lat' dir='ltr'><strong>liemor</strong></span> <span class='ocrx_word' id='word_1_9' title='bbox 250 486 335 543; x_wconf 91' lang='lat' dir='ltr'><strong>nostri</strong></span> <span class='ocrx_word' id='word_1_10' title='bbox 346 497 406 541; x_wconf 90' lang='lat' dir='ltr'><strong>esse</strong></span> <span class='ocrx_word' id='word_1_11' title='bbox 420 481 543 553; x_wconf 89' lang='lat' dir='ltr'><strong>dignare,</strong></span> <span class='ocrx_word' id='word_1_12' title='bbox 553 479 662 537; x_wconf 89' lang='lat' dir='ltr'><strong>domine</strong></span> <span class='ocrx_word' id='word_1_13' title='bbox 677 494 753 551; x_wconf 87' lang='lat' dir='ltr'><strong>papa.</strong></span> 
     </span>
     <span class='ocr_line' id='line_1_4' title="bbox 405 571 647 632; baseline 0.008 -2"><span class='ocrx_word' id='word_1_14' title='bbox 405 571 574 631; x_wconf 79' lang='lat' dir='ltr'><strong>ttrtstbta</strong></span> <span class='ocrx_word' id='word_1_15' title='bbox 600 572 647 632; x_wconf 85' lang='lat' dir='ltr'><strong>tlt.</strong></span> 
     </span>
    </p>
   </div>
   <div class='ocr_carea' id='block_1_3' title="bbox 47 667 968 1574">
    <p class='ocr_par' dir='ltr' id='par_1_3' title="bbox 206 667 852 742">
     <span class='ocr_line' id='line_1_5' title="bbox 206 667 852 742; baseline -0.003 -14"><span class='ocrx_word' id='word_1_16' title='bbox 206 670 330 728; x_wconf 85' lang='lat' dir='ltr'><strong>Sidonius</strong></span> <span class='ocrx_word' id='word_1_17' title='bbox 342 669 444 725; x_wconf 87' lang='lat' dir='ltr'><strong>domino</strong></span> <span class='ocrx_word' id='word_1_18' title='bbox 459 685 533 742; x_wconf 76' lang='lat' dir='ltr'><strong>popae</strong></span> <span class='ocrx_word' id='word_1_19' title='bbox 552 678 565 707; x_wconf 66' lang='grc' dir='ltr'><strong>ι</strong></span> <span class='ocrx_word' id='word_1_20' title='bbox 581 667 711 738; x_wconf 82' lang='lat' dir='ltr'><strong>Perpetuo</strong></span> <span class='ocrx_word' id='word_1_21' title='bbox 731 670 852 726; x_wconf 82' lang='lat' dir='ltr'><strong>sulutem.</strong></span> 
     </span>
    </p>

    <p class='ocr_par' dir='ltr' id='par_1_4' title="bbox 113 751 968 1206">
     <span class='ocr_line' id='line_1_6' title="bbox 113 751 926 833; baseline -0.002 -14"><span class='ocrx_word' id='word_1_22' title='bbox 113 751 118 766; x_wconf 79' lang='lat'>&#39;</span> <span class='ocrx_word' id='word_1_23' title='bbox 169 763 308 819; x_wconf 82' lang='lat' dir='ltr'><strong>Desiderio</strong></span> <span class='ocrx_word' id='word_1_24' title='bbox 322 762 502 833; x_wconf 69' lang='lat' dir='ltr'><strong>spiritualium</strong></span> <span class='ocrx_word' id='word_1_25' title='bbox 516 763 663 819; x_wconf 90' lang='lat' dir='ltr'><strong>lectionum</strong></span> <span class='ocrx_word' id='word_1_26' title='bbox 681 777 793 832; x_wconf 91' lang='lat' dir='ltr'><strong>quarum</strong></span> <span class='ocrx_word' id='word_1_27' title='bbox 808 762 855 818; x_wconf 90' lang='lat' dir='ltr'><strong>tibi</strong></span> <span class='ocrx_word' id='word_1_28' title='bbox 871 771 926 818; x_wconf 88' lang='lat' dir='ltr'><strong>tarn</strong></span> 
     </span>
     <span class='ocr_line' id='line_1_7' title="bbox 125 855 928 930; baseline -0.006 -15"><span class='ocrx_word' id='word_1_29' title='bbox 125 872 181 930; x_wconf 77' lang='lat' dir='ltr'><strong>&#39;per</strong></span> <span class='ocrx_word' id='word_1_30' title='bbox 194 856 363 914; x_wconf 90' lang='lat' dir='ltr'><strong>authenticos</strong></span> <span class='ocrx_word' id='word_1_31' title='bbox 383 872 464 928; x_wconf 92' lang='lat' dir='ltr'><strong>quam</strong></span> <span class='ocrx_word' id='word_1_32' title='bbox 486 871 535 928; x_wconf 90' lang='lat' dir='ltr'><strong>per</strong></span> <span class='ocrx_word' id='word_1_33' title='bbox 558 855 743 927; x_wconf 71' lang='lat' dir='ltr'><strong>disputatores</strong></span> <span class='ocrx_word' id='word_1_34' title='bbox 765 855 928 911; x_wconf 86' lang='lat' dir='ltr'><strong>bibliotheca</strong></span> 
     </span>
     <span class='ocr_line' id='line_1_8' title="bbox 132 946 968 1018; baseline -0.007 -11"><span class='ocrx_word' id='word_1_35' title='bbox 132 949 198 1007; x_wconf 86' lang='lat' dir='ltr'><strong>lidci</strong></span> <span class='ocrx_word' id='word_1_36' title='bbox 223 947 363 1005; x_wconf 79' lang='lat' dir='ltr'><strong>catholicae</strong></span> <span class='ocrx_word' id='word_1_37' title='bbox 389 946 578 1018; x_wconf 88' lang='lat' dir='ltr'><strong>perlamiliaris</strong></span> <span class='ocrx_word' id='word_1_38' title='bbox 606 957 667 1013; x_wconf 90' lang='lat' dir='ltr'><strong>est,</strong></span> <span class='ocrx_word' id='word_1_39' title='bbox 693 947 773 1003; x_wconf 91' lang='lat' dir='ltr'><strong>etiarn</strong></span> <span class='ocrx_word' id='word_1_40' title='bbox 799 946 844 1001; x_wconf 91' lang='lat' dir='ltr'><strong>illa</strong></span> <span class='ocrx_word' id='word_1_41' title='bbox 867 961 928 1017; x_wconf 89' lang='lat' dir='ltr'><strong>quac</strong></span> <span class='ocrx_word' id='word_1_42' title='bbox 964 979 968 987; x_wconf 92' lang='lat'>·</span> 
     </span>
     <span class='ocr_line' id='line_1_9' title="bbox 133 1040 929 1111; baseline -0.009 -11"><span class='ocrx_word' id='word_1_43' title='bbox 133 1043 250 1100; x_wconf 78' lang='lat' dir='ltr'><strong>manime</strong></span> <span class='ocrx_word' id='word_1_44' title='bbox 263 1050 368 1098; x_wconf 85' lang='lat' dir='ltr'><strong>tuarrrm</strong></span> <span class='ocrx_word' id='word_1_45' title='bbox 385 1041 488 1097; x_wconf 88' lang='lat' dir='ltr'><strong>scilicet</strong></span> <span class='ocrx_word' id='word_1_46' title='bbox 500 1041 605 1096; x_wconf 92' lang='lat' dir='ltr'><strong>aurium</strong></span> <span class='ocrx_word' id='word_1_47' title='bbox 628 1042 738 1096; x_wconf 86' lang='lat' dir='ltr'><strong>minime</strong></span> <span class='ocrx_word' id='word_1_48' title='bbox 760 1040 841 1111; x_wconf 86' lang='lat' dir='ltr'><strong>digna</strong></span> <span class='ocrx_word' id='word_1_49' title='bbox 865 1049 929 1094; x_wconf 87' lang='lat' dir='ltr'><strong>sunt</strong></span> 
     </span>
     <span class='ocr_line' id='line_1_10' title="bbox 135 1130 928 1206; baseline -0.009 -13"><span class='ocrx_word' id='word_1_50' title='bbox 135 1146 268 1206; x_wconf 88' lang='lat' dir='ltr'><strong>occupare</strong></span> <span class='ocrx_word' id='word_1_51' title='bbox 281 1146 434 1199; x_wconf 76' lang='lat' dir='ltr'><strong>censuram,</strong></span> <span class='ocrx_word' id='word_1_52' title='bbox 458 1134 665 1204; x_wconf 78' lang='lat' dir='ltr'><strong>noscere189</strong></span> <span class='ocrx_word' id='word_1_53' title='bbox 687 1133 772 1202; x_wconf 86' lang='lat' dir='ltr'><strong>cupis.</strong></span> <span class='ocrx_word' id='word_1_54' title='bbox 791 1130 928 1201; x_wconf 85' lang='lat' dir='ltr'><strong>Siquidem</strong></span> 
     </span>
    </p>

    <p class='ocr_par' dir='ltr' id='par_1_5' title="bbox 47 1223 929 1299">
     <span class='ocr_line' id='line_1_11' title="bbox 47 1223 929 1299; baseline -0.007 -15"><span class='ocrx_word' id='word_1_55' title='bbox 47 1293 49 1298; x_wconf 43' lang='grc'><strong>,</strong></span> <span class='ocrx_word' id='word_1_56' title='bbox 132 1225 260 1299; x_wconf 79' lang='lat' dir='ltr'><strong>injungis,</strong></span> <span class='ocrx_word' id='word_1_57' title='bbox 277 1237 305 1281; x_wconf 90' lang='lat' dir='ltr'><strong>ut</strong></span> <span class='ocrx_word' id='word_1_58' title='bbox 318 1226 467 1281; x_wconf 90' lang='lat' dir='ltr'><strong>orationem</strong></span> <span class='ocrx_word' id='word_1_59' title='bbox 479 1238 561 1294; x_wconf 86' lang='lat' dir='ltr'><strong>quam</strong></span> <span class='ocrx_word' id='word_1_60' title='bbox 578 1224 673 1281; x_wconf 86' lang='lat' dir='ltr'><strong>uideor</strong></span> <span class='ocrx_word' id='word_1_61' title='bbox 688 1225 720 1279; x_wconf 90' lang='lat' dir='ltr'><strong>ad</strong></span> <span class='ocrx_word' id='word_1_62' title='bbox 733 1224 839 1296; x_wconf 88' lang='lat' dir='ltr'><strong>plebem</strong></span> <span class='ocrx_word' id='word_1_63' title='bbox 853 1223 929 1278; x_wconf 87' lang='lat' dir='ltr'><strong>Bitu·</strong></span> 
     </span>
    </p>

    <p class='ocr_par' dir='ltr' id='par_1_6' title="bbox 124 1301 949 1574">
     <span class='ocr_line' id='line_1_12' title="bbox 124 1301 928 1389; baseline -0.004 -15"><span class='ocrx_word' id='word_1_64' title='bbox 124 1301 198 1389; x_wconf 67' lang='lat' dir='ltr'><strong>&#39;riqis</strong></span> <span class='ocrx_word' id='word_1_65' title='bbox 208 1318 235 1373; x_wconf 90' lang='lat' dir='ltr'><strong>in</strong></span> <span class='ocrx_word' id='word_1_66' title='bbox 249 1316 361 1373; x_wconf 89' lang='lat' dir='ltr'><strong>ecclesia</strong></span> <span class='ocrx_word' id='word_1_67' title='bbox 376 1317 583 1383; x_wconf 82' lang='lat' dir='ltr'><strong>sermocinatus,</strong></span> <span class='ocrx_word' id='word_1_68' title='bbox 601 1316 648 1371; x_wconf 92' lang='lat' dir='ltr'><strong>libi</strong></span> <span class='ocrx_word' id='word_1_69' title='bbox 660 1304 774 1386; x_wconf 75' lang='lat' dir='ltr'><strong>dirigam</strong></span> <span class='ocrx_word' id='word_1_70' title='bbox 797 1331 805 1372; x_wconf 88' lang='lat'>:</span> <span class='ocrx_word' id='word_1_71' title='bbox 820 1317 862 1371; x_wconf 89' lang='lat' dir='ltr'><strong>cui</strong></span> <span class='ocrx_word' id='word_1_72' title='bbox 874 1330 928 1371; x_wconf 93' lang='lat' dir='ltr'><strong>non</strong></span> 
     </span>
     <span class='ocr_line' id='line_1_13' title="bbox 133 1407 949 1483; baseline -0.004 -14"><span class='ocrx_word' id='word_1_73' title='bbox 133 1407 267 1469; x_wconf 82' lang='lat' dir='ltr'><strong>rhetorica</strong></span> <span class='ocrx_word' id='word_1_74' title='bbox 284 1410 402 1481; x_wconf 88' lang='lat' dir='ltr'><strong>partitio,</strong></span> <span class='ocrx_word' id='word_1_75' title='bbox 419 1425 473 1464; x_wconf 93' lang='lat' dir='ltr'><strong>non</strong></span> <span class='ocrx_word' id='word_1_76' title='bbox 500 1410 626 1465; x_wconf 87' lang='lat' dir='ltr'><strong>oratoriae</strong></span> <span class='ocrx_word' id='word_1_77' title='bbox 649 1410 740 1478; x_wconf 71' lang='lat' dir='ltr'><strong>minae,</strong></span> <span class='ocrx_word' id='word_1_78' title='bbox 766 1425 819 1466; x_wconf 91' lang='lat' dir='ltr'><strong>non</strong></span> <span class='ocrx_word' id='word_1_79' title='bbox 839 1427 949 1483; x_wconf 67' lang='lat' dir='ltr'><strong>gram·⁴</strong></span> 
     </span>
     <span class='ocr_line' id='line_1_14' title="bbox 133 1502 931 1574; baseline -0.004 -14"><span class='ocrx_word' id='word_1_80' title='bbox 133 1502 273 1561; x_wconf 85' lang='lat' dir='ltr'><strong>matieales</strong></span> <span class='ocrx_word' id='word_1_81' title='bbox 296 1503 409 1574; x_wconf 85' lang='lat' dir='ltr'><strong>bgurae,</strong></span> <span class='ocrx_word' id='word_1_82' title='bbox 433 1512 625 1572; x_wconf 82' lang='lat' dir='ltr'><strong>congruentem</strong></span> <span class='ocrx_word' id='word_1_83' title='bbox 647 1503 782 1570; x_wconf 88' lang='lat' dir='ltr'><strong>decorem,</strong></span> <span class='ocrx_word' id='word_1_84' title='bbox 811 1503 931 1574; x_wconf 89' lang='lat' dir='ltr'><strong>discipli·</strong></span> 
     </span>
    </p>
   </div>
   <div class='ocr_carea' id='block_1_4' title="bbox 759 261 1227 327">
    <p class='ocr_par' dir='ltr' id='par_1_7' title="bbox 759 261 1227 327">
     <span class='ocr_line' id='line_1_15' title="bbox 759 261 1227 327; baseline 0.004 -1"><span class='ocrx_word' id='word_1_85' title='bbox 759 266 884 326; x_wconf 84' lang='lat' dir='ltr'><strong>sibotttt</strong></span> <span class='ocrx_word' id='word_1_86' title='bbox 902 266 1130 327; x_wconf 67' lang='lat' dir='ltr'><strong>redamatus</strong></span> <span class='ocrx_word' id='word_1_87' title='bbox 1220 261 1227 274; x_wconf 80' lang='lat'>&#39;</span> 
     </span>
    </p>
   </div>
   <div class='ocr_carea' id='block_1_5' title="bbox 979 270 1784 1568">
    <p class='ocr_par' dir='ltr' id='par_1_8' title="bbox 979 266 1784 1568">
     <span class='ocr_line' id='line_1_16' title="bbox 1285 270 1782 334; baseline 0.016 -8"><span class='ocrx_word' id='word_1_88' title='bbox 1285 270 1311 275; x_wconf 80' lang='grc'>”</span> <span class='ocrx_word' id='word_1_89' title='bbox 1584 282 1588 292; x_wconf 87' lang='grc'><strong>’</strong></span> <span class='ocrx_word' id='word_1_90' title='bbox 1728 275 1782 334; x_wconf 79' lang='lat' dir='ltr'><strong>ato</strong></span> 
     </span>
     <span class='ocr_line' id='line_1_17' title="bbox 979 382 1780 459; baseline 0.007 -18"><span class='ocrx_word' id='word_1_91' title='bbox 979 384 1087 441; x_wconf 87' lang='lat' dir='ltr'><strong>tacendi</strong></span> <span class='ocrx_word' id='word_1_92' title='bbox 1100 382 1256 455; x_wconf 82' lang='lat' dir='ltr'><strong>patientiam</strong></span> <span class='ocrx_word' id='word_1_93' title='bbox 1267 400 1347 458; x_wconf 91' lang='lat' dir='ltr'><strong>quam</strong></span> <span class='ocrx_word' id='word_1_94' title='bbox 1359 387 1486 459; x_wconf 90' lang='lat' dir='ltr'><strong>loquendi</strong></span> <span class='ocrx_word' id='word_1_95' title='bbox 1498 395 1665 446; x_wconf 86' lang='lat' dir='ltr'><strong>monstrasse</strong></span> <span class='ocrx_word' id='word_1_96' title='bbox 1678 387 1780 449; x_wconf 86' lang='lat' dir='ltr'><strong>ductri-</strong></span> 
     </span>
     <span class='ocr_line' id='line_1_18' title="bbox 980 477 1780 552; baseline 0.011 -20"><span class='ocrx_word' id='word_1_97' title='bbox 980 491 1042 532; x_wconf 90' lang='lat' dir='ltr'><strong>nam</strong></span> <span class='ocrx_word' id='word_1_98' title='bbox 1059 494 1066 530; x_wconf 75' lang='grc' dir='ltr'><strong><em>ε</em></strong></span> <span class='ocrx_word' id='word_1_99' title='bbox 1082 477 1163 533; x_wconf 89' lang='lat' dir='ltr'><strong>etsie</strong></span> <span class='ocrx_word' id='word_1_100' title='bbox 1184 477 1345 550; x_wconf 85' lang='lat' dir='ltr'><strong>incipientes</strong></span> <span class='ocrx_word' id='word_1_101' title='bbox 1358 492 1482 551; x_wconf 88' lang='lat' dir='ltr'><strong>quosque</strong></span> <span class='ocrx_word' id='word_1_102' title='bbox 1495 479 1565 537; x_wconf 91' lang='lat' dir='ltr'><strong>inter</strong></span> <span class='ocrx_word' id='word_1_103' title='bbox 1583 480 1780 552; x_wconf 88' lang='lat' dir='ltr'><strong>disputantium</strong></span> 
     </span>
     <span class='ocr_line' id='line_1_19' title="bbox 980 571 1780 650; baseline 0.01 -24"><span class='ocrx_word' id='word_1_104' title='bbox 980 579 1219 626; x_wconf 84' lang='lat' dir='ltr'><strong>consectaneorum</strong></span> <span class='ocrx_word' id='word_1_105' title='bbox 1242 571 1385 629; x_wconf 78' lang='lat' dir='ltr'><strong>cathedras</strong></span> <span class='ocrx_word' id='word_1_106' title='bbox 1408 584 1511 630; x_wconf 89' lang='lat' dir='ltr'><strong>mutum</strong></span> <span class='ocrx_word' id='word_1_107' title='bbox 1524 575 1684 633; x_wconf 85' lang='lat' dir='ltr'><strong>sustinuisse</strong></span> <span class='ocrx_word' id='word_1_108' title='bbox 1697 577 1780 650; x_wconf 90' lang='lat' dir='ltr'><strong>quiu-</strong></span> 
     </span>
     <span class='ocr_line' id='line_1_20' title="bbox 980 659 1777 741; baseline 0.01 -25"><span class='ocrx_word' id='word_1_109' title='bbox 980 659 1140 731; x_wconf 90' lang='lat' dir='ltr'><strong>quennium;</strong></span> <span class='ocrx_word' id='word_1_110' title='bbox 1167 670 1196 717; x_wconf 92' lang='lat' dir='ltr'><strong>ut</strong></span> <span class='ocrx_word' id='word_1_111' title='bbox 1213 664 1295 719; x_wconf 88' lang='lat' dir='ltr'><strong>etlam</strong></span> <span class='ocrx_word' id='word_1_112' title='bbox 1315 664 1446 721; x_wconf 89' lang='lat' dir='ltr'><strong>celeriora</strong></span> <span class='ocrx_word' id='word_1_113' title='bbox 1461 668 1650 739; x_wconf 89' lang='lat' dir='ltr'><strong>quorumpiam</strong></span> <span class='ocrx_word' id='word_1_114' title='bbox 1670 669 1777 741; x_wconf 88' lang='lat' dir='ltr'><strong>ingenia</strong></span> 
     </span>
     <span class='ocr_line' id='line_1_21' title="bbox 981 753 1778 830; baseline 0.006 -19"><span class='ocrx_word' id='word_1_115' title='bbox 981 769 1035 811; x_wconf 90' lang='lat' dir='ltr'><strong>non</strong></span> <span class='ocrx_word' id='word_1_116' title='bbox 1051 753 1144 810; x_wconf 88' lang='lat' dir='ltr'><strong>liceret</strong></span> <span class='ocrx_word' id='word_1_117' title='bbox 1156 764 1219 811; x_wconf 91' lang='lat' dir='ltr'><strong>ante</strong></span> <span class='ocrx_word' id='word_1_118' title='bbox 1233 755 1335 811; x_wconf 88' lang='lat' dir='ltr'><strong>laudari</strong></span> <span class='ocrx_word' id='word_1_119' title='bbox 1359 772 1438 827; x_wconf 92' lang='lat' dir='ltr'><strong>quam</strong></span> <span class='ocrx_word' id='word_1_120' title='bbox 1462 758 1572 815; x_wconf 90' lang='lat' dir='ltr'><strong>deceret</strong></span> <span class='ocrx_word' id='word_1_121' title='bbox 1591 761 1711 830; x_wconf 84' lang='lat' dir='ltr'><strong>agnosci.</strong></span> <span class='ocrx_word' id='word_1_122' title='bbox 1740 763 1778 816; x_wconf 90' lang='lat' dir='ltr'><strong>lta</strong></span> 
     </span>
     <span class='ocr_line' id='line_1_22' title="bbox 981 843 1779 922; baseline 0.013 -21"><span class='ocrx_word' id='word_1_123' title='bbox 981 847 1072 918; x_wconf 86' lang='lat' dir='ltr'><strong>tiebat,</strong></span> <span class='ocrx_word' id='word_1_124' title='bbox 1084 857 1113 903; x_wconf 93' lang='grc' dir='ltr'><strong>ιιι</strong></span> <span class='ocrx_word' id='word_1_125' title='bbox 1125 849 1234 905; x_wconf 89' lang='lat' dir='ltr'><strong>eosdem</strong></span> <span class='ocrx_word' id='word_1_126' title='bbox 1247 843 1429 922; x_wconf 84' lang='lat' dir='ltr'><strong>posr&#39;tongam</strong></span> <span class='ocrx_word' id='word_1_127' title='bbox 1441 851 1650 909; x_wconf 76' lang='lat' dir='ltr'><strong>taciturnitatem</strong></span> <span class='ocrx_word' id='word_1_128' title='bbox 1662 854 1779 919; x_wconf 86' lang='lat' dir='ltr'><strong>locutos,</strong></span> 
     </span>
     <span class='ocr_line' id='line_1_23' title="bbox 981 941 1782 1018; baseline 0.009 -23"><span class='ocrx_word' id='word_1_129' title='bbox 981 941 1094 1011; x_wconf 89' lang='lat' dir='ltr'><strong>quisque</strong></span> <span class='ocrx_word' id='word_1_130' title='bbox 1114 941 1208 998; x_wconf 88' lang='lat' dir='ltr'><strong>audire</strong></span> <span class='ocrx_word' id='word_1_131' title='bbox 1228 954 1359 1013; x_wconf 75' lang='lat' dir='ltr'><strong>coeperat,</strong></span> <span class='ocrx_word' id='word_1_132' title='bbox 1375 959 1428 1000; x_wconf 91' lang='lat' dir='ltr'><strong>non</strong></span> <span class='ocrx_word' id='word_1_133' title='bbox 1449 952 1552 1001; x_wconf 90' lang='lat' dir='ltr'><strong>taceret</strong></span> <span class='ocrx_word' id='word_1_134' title='bbox 1575 961 1583 1000; x_wconf 91' lang='lat'><strong>:</strong></span> <span class='ocrx_word' id='word_1_135' title='bbox 1608 946 1670 1018; x_wconf 90' lang='lat' dir='ltr'><strong>quia</strong></span> <span class='ocrx_word' id='word_1_136' title='bbox 1692 946 1782 1003; x_wconf 86' lang='lat' dir='ltr'><strong>donec</strong></span> 
     </span>
     <span class='ocr_line' id='line_1_24' title="bbox 980 1033 1782 1110; baseline 0.005 -22"><span class='ocrx_word' id='word_1_137' title='bbox 980 1033 1121 1089; x_wconf 89' lang='lat' dir='ltr'><strong>scientiam</strong></span> <span class='ocrx_word' id='word_1_138' title='bbox 1134 1043 1229 1089; x_wconf 88' lang='lat' dir='ltr'><strong>natrrra</strong></span> <span class='ocrx_word' id='word_1_139' title='bbox 1243 1034 1415 1103; x_wconf 79' lang='lat' dir='ltr'><strong>combiberit,</strong></span> <span class='ocrx_word' id='word_1_140' title='bbox 1444 1050 1497 1091; x_wconf 92' lang='lat' dir='ltr'><strong>non</strong></span> <span class='ocrx_word' id='word_1_141' title='bbox 1521 1037 1608 1108; x_wconf 84' lang='lat' dir='ltr'><strong>major</strong></span> <span class='ocrx_word' id='word_1_142' title='bbox 1630 1046 1673 1094; x_wconf 86' lang='lat' dir='ltr'><strong>est</strong></span> <span class='ocrx_word' id='word_1_143' title='bbox 1696 1038 1782 1110; x_wconf 84' lang='lat' dir='ltr'><strong>gloria</strong></span> 
     </span>
     <span class='ocr_line' id='line_1_25' title="bbox 981 1124 1780 1202; baseline 0.009 -22"><span class='ocrx_word' id='word_1_144' title='bbox 981 1124 1086 1181; x_wconf 83' lang='lat' dir='ltr'><strong>dixisse</strong></span> <span class='ocrx_word' id='word_1_145' title='bbox 1106 1127 1176 1197; x_wconf 91' lang='lat' dir='ltr'><strong>qnod</strong></span> <span class='ocrx_word' id='word_1_146' title='bbox 1198 1129 1317 1194; x_wconf 83' lang='lat' dir='ltr'><strong>noveris,</strong></span> <span class='ocrx_word' id='word_1_147' title='bbox 1341 1144 1420 1199; x_wconf 92' lang='lat' dir='ltr'><strong>quam</strong></span> <span class='ocrx_word' id='word_1_148' title='bbox 1442 1129 1549 1187; x_wconf 86' lang='lat' dir='ltr'><strong>siluisse</strong></span> <span class='ocrx_word' id='word_1_149' title='bbox 1570 1131 1643 1202; x_wconf 91' lang='lat' dir='ltr'><strong>quod</strong></span> <span class='ocrx_word' id='word_1_150' title='bbox 1662 1133 1780 1189; x_wconf 89' lang='lat' dir='ltr'><strong>nescias.</strong></span> 
     </span>
     <span class='ocr_line' id='line_1_26' title="bbox 981 1219 1782 1294; baseline 0.014 -23"><span class='ocrx_word' id='word_1_151' title='bbox 981 1222 1016 1272; x_wconf 84' lang='lat' dir='ltr'><strong>ht</strong></span> <span class='ocrx_word' id='word_1_152' title='bbox 1030 1232 1102 1273; x_wconf 85' lang='lat' dir='ltr'><strong>ttunc</strong></span> <span class='ocrx_word' id='word_1_153' title='bbox 1116 1219 1330 1275; x_wconf 86' lang='lat' dir='ltr'><strong>mediocritatem</strong></span> <span class='ocrx_word' id='word_1_154' title='bbox 1343 1235 1431 1276; x_wconf 91' lang='lat' dir='ltr'><strong>meam</strong></span> <span class='ocrx_word' id='word_1_155' title='bbox 1451 1233 1543 1278; x_wconf 90' lang='lat' dir='ltr'><strong>manet</strong></span> <span class='ocrx_word' id='word_1_156' title='bbox 1568 1221 1648 1294; x_wconf 85' lang='lat' dir='ltr'><strong>longe</strong></span> <span class='ocrx_word' id='word_1_157' title='bbox 1670 1224 1782 1282; x_wconf 81' lang='lat' dir='ltr'><strong>diuersa</strong></span> 
     </span>
     <span class='ocr_line' id='line_1_27' title="bbox 981 1309 1784 1387; baseline 0.012 -24"><span class='ocrx_word' id='word_1_158' title='bbox 981 1309 1121 1365; x_wconf 90' lang='lat' dir='ltr'><strong>conditio:</strong></span> <span class='ocrx_word' id='word_1_159' title='bbox 1138 1310 1243 1381; x_wconf 89' lang='lat' dir='ltr'><strong>eniper</strong></span> <span class='ocrx_word' id='word_1_160' title='bbox 1264 1311 1427 1382; x_wconf 90' lang='lat' dir='ltr'><strong>suspiriosas</strong></span> <span class='ocrx_word' id='word_1_161' title='bbox 1450 1313 1593 1385; x_wconf 76' lang='lat' dir='ltr'><strong>voragines</strong></span> <span class='ocrx_word' id='word_1_162' title='bbox 1616 1325 1643 1371; x_wconf 91' lang='lat' dir='ltr'><strong>et</strong></span> <span class='ocrx_word' id='word_1_163' title='bbox 1666 1315 1784 1387; x_wconf 84' lang='lat' dir='ltr'><strong>flagitio·</strong></span> 
     </span>
     <span class='ocr_line' id='line_1_28' title="bbox 980 1403 1783 1480; baseline 0.012 -24"><span class='ocrx_word' id='word_1_164' title='bbox 980 1417 1040 1457; x_wconf 85' lang='lat' dir='ltr'><strong>runt</strong></span> <span class='ocrx_word' id='word_1_165' title='bbox 1062 1403 1198 1459; x_wconf 82' lang='lat' dir='ltr'><strong>volutabra</strong></span> <span class='ocrx_word' id='word_1_166' title='bbox 1213 1403 1363 1477; x_wconf 87' lang='lat' dir='ltr'><strong>gradienti,</strong></span> <span class='ocrx_word' id='word_1_167' title='bbox 1383 1405 1560 1476; x_wconf 77' lang='lat' dir='ltr'><strong>professionis</strong></span> <span class='ocrx_word' id='word_1_168' title='bbox 1581 1406 1695 1477; x_wconf 85' lang='lat' dir='ltr'><strong>hujusce</strong></span> <span class='ocrx_word' id='word_1_169' title='bbox 1714 1425 1783 1480; x_wconf 87' lang='lat' dir='ltr'><strong>pun·</strong></span> 
     </span>
     <span class='ocr_line' id='line_1_29' title="bbox 980 1493 1783 1568; baseline 0.012 -19"><span class='ocrx_word' id='word_1_170' title='bbox 980 1493 1032 1550; x_wconf 91' lang='lat' dir='ltr'><strong>dus</strong></span> <span class='ocrx_word' id='word_1_171' title='bbox 1051 1495 1196 1564; x_wconf 87' lang='lat' dir='ltr'><strong>impactum</strong></span> <span class='ocrx_word' id='word_1_172' title='bbox 1209 1507 1260 1553; x_wconf 92' lang='grc' dir='ltr'>ιιι.</span> <span class='ocrx_word' id='word_1_173' title='bbox 1283 1496 1317 1552; x_wconf 85' lang='grc' dir='ltr'><strong>Ει</strong></span> <span class='ocrx_word' id='word_1_174' title='bbox 1331 1497 1487 1568; x_wconf 88' lang='lat' dir='ltr'><strong>priusquam</strong></span> <span class='ocrx_word' id='word_1_175' title='bbox 1502 1498 1550 1553; x_wconf 92' lang='lat' dir='ltr'><strong>ulli</strong></span> <span class='ocrx_word' id='word_1_176' title='bbox 1572 1498 1705 1556; x_wconf 89' lang='lat' dir='ltr'><strong>bonorum</strong></span> <span class='ocrx_word' id='word_1_177' title='bbox 1719 1501 1783 1559; x_wconf 87' lang='lat' dir='ltr'><strong>red·</strong></span> 
     </span>
    </p>
   </div>
   <div class='ocr_carea' id='block_1_6' title="bbox 124 1587 1783 2130">
    <p class='ocr_par' dir='ltr' id='par_1_9' title="bbox 124 1587 1783 2130">
     <span class='ocr_line' id='line_1_30' title="bbox 135 1587 1783 1666; baseline 0.005 -16"><span class='ocrx_word' id='word_1_178' title='bbox 135 1589 252 1666; x_wconf 89' lang='lat' dir='ltr'><strong>namque</strong></span> <span class='ocrx_word' id='word_1_179' title='bbox 263 1593 512 1664; x_wconf 88' lang='lat' dir='ltr'><strong>suppeditaverunt.</strong></span> <span class='ocrx_word' id='word_1_180' title='bbox 526 1592 618 1664; x_wconf 86' lang='lat' dir='ltr'><strong>Neque</strong></span> <span class='ocrx_word' id='word_1_181' title='bbox 632 1594 703 1649; x_wconf 92' lang='lat' dir='ltr'><strong>enim</strong></span> <span class='ocrx_word' id='word_1_182' title='bbox 715 1595 781 1660; x_wconf 89' lang='lat' dir='ltr'><strong>illic,</strong></span> <span class='ocrx_word' id='word_1_183' title='bbox 795 1604 824 1649; x_wconf 92' lang='lat' dir='ltr'><strong>ut</strong></span> <span class='ocrx_word' id='word_1_184' title='bbox 836 1604 930 1652; x_wconf 85' lang='lat' dir='ltr'><strong>oracta</strong></span> <span class='ocrx_word' id='word_1_185' title='bbox 981 1587 1043 1641; x_wconf 63' lang='lat' dir='ltr'><strong>dam</strong></span> <span class='ocrx_word' id='word_1_186' title='bbox 1058 1587 1185 1645; x_wconf 62' lang='lat' dir='ltr'><strong>“fiscellis</strong></span> <span class='ocrx_word' id='word_1_187' title='bbox 1200 1589 1372 1658; x_wconf 64' lang='lat' dir='ltr'><strong>Obsequium»</strong></span> <span class='ocrx_word' id='word_1_188' title='bbox 1389 1605 1471 1661; x_wconf 65' lang='lat'><strong>⁶08⁰?</strong></span> <span class='ocrx_word' id='word_1_189' title='bbox 1493 1591 1592 1648; x_wconf 90' lang='lat' dir='ltr'><strong>debere</strong></span> <span class='ocrx_word' id='word_1_190' title='bbox 1612 1595 1721 1650; x_wconf 61' lang='lat' dir='ltr'><strong>emeris</strong></span> <span class='ocrx_word' id='word_1_191' title='bbox 1732 1594 1783 1652; x_wconf 72' lang='lat'><strong>(10-</strong></span> 
     </span>
     <span class='ocr_line' id='line_1_31' title="bbox 133 1678 1782 1759; baseline 0.007 -27"><span class='ocrx_word' id='word_1_192' title='bbox 133 1686 322 1759; x_wconf 60' lang='lat' dir='ltr'><strong>perorantibus</strong></span> <span class='ocrx_word' id='word_1_193' title='bbox 347 1701 405 1742; x_wconf 81' lang='lat' dir='ltr'><strong>mos</strong></span> <span class='ocrx_word' id='word_1_194' title='bbox 418 1695 481 1754; x_wconf 72' lang='lat' dir='ltr'><strong>est,</strong></span> <span class='ocrx_word' id='word_1_195' title='bbox 504 1696 550 1742; x_wconf 78' lang='lat' dir='ltr'><strong>ulli</strong></span> <span class='ocrx_word' id='word_1_196' title='bbox 575 1687 692 1759; x_wconf 70' lang='lat' dir='ltr'><strong>pondera</strong></span> <span class='ocrx_word' id='word_1_197' title='bbox 715 1687 859 1756; x_wconf 68' lang='lat' dir='ltr'><strong>historica,</strong></span> <span class='ocrx_word' id='word_1_198' title='bbox 882 1698 930 1745; x_wconf 71' lang='lat' dir='ltr'><strong>gut</strong></span> <span class='ocrx_word' id='word_1_199' title='bbox 982 1678 1067 1734; x_wconf 72' lang='lat' dir='ltr'><strong>celliis</strong></span> <span class='ocrx_word' id='word_1_200' title='bbox 1082 1679 1209 1735; x_wconf 80' lang='lat' dir='ltr'><strong>Officium.</strong></span> <span class='ocrx_word' id='word_1_201' title='bbox 1224 1680 1356 1751; x_wconf 76' lang='lat' dir='ltr'><strong>Adjicitur</strong></span> <span class='ocrx_word' id='word_1_202' title='bbox 1368 1681 1430 1737; x_wconf 89' lang='lat' dir='ltr'><strong>huic</strong></span> <span class='ocrx_word' id='word_1_203' title='bbox 1444 1683 1651 1753; x_wconf 67' lang='lat' dir='ltr'><strong>impossibiliiaii</strong></span> <span class='ocrx_word' id='word_1_204' title='bbox 1675 1687 1782 1755; x_wconf 64' lang='lat' dir='ltr'><strong>polidus</strong></span> 
     </span>
     <span class='ocr_line' id='line_1_32' title="bbox 125 1769 1781 1851; baseline 0.005 -15"><span class='ocrx_word' id='word_1_205' title='bbox 125 1769 399 1851; x_wconf 50' lang='lat' dir='ltr'><strong>&#39;poetica&#39;scbemata</strong></span> <span class='ocrx_word' id='word_1_206' title='bbox 420 1780 585 1835; x_wconf 87' lang='lat' dir='ltr'><strong>scintillasve</strong></span> <span class='ocrx_word' id='word_1_207' title='bbox 595 1781 839 1836; x_wconf 78' lang='lat' dir='ltr'><strong>controversalium</strong></span> <span class='ocrx_word' id='word_1_208' title='bbox 855 1782 928 1837; x_wconf 92' lang='lat' dir='ltr'><strong>clau·</strong></span> <span class='ocrx_word' id='word_1_209' title='bbox 943 1770 966 1832; x_wconf 85' lang='lat' dir='ltr'>B</span> <span class='ocrx_word' id='word_1_210' title='bbox 982 1771 1109 1842; x_wconf 70' lang='lat' dir='ltr'><strong>bild⁰li⁸3</strong></span> <span class='ocrx_word' id='word_1_211' title='bbox 1132 1772 1203 1842; x_wconf 90' lang='lat' dir='ltr'><strong>quod</strong></span> <span class='ocrx_word' id='word_1_212' title='bbox 1218 1773 1284 1829; x_wconf 65' lang='lat' dir='ltr'><strong>mihi</strong></span> <span class='ocrx_word' id='word_1_213' title='bbox 1313 1775 1483 1843; x_wconf 63' lang='lat' dir='ltr'><strong>leculiiiliei</strong></span> <span class='ocrx_word' id='word_1_214' title='bbox 1509 1776 1612 1848; x_wconf 61' lang='grc' dir='ltr'><strong>Ρθιῑῐῑω</strong></span> <span class='ocrx_word' id='word_1_215' title='bbox 1634 1777 1781 1835; x_wconf 55' lang='lat' dir='ltr'><strong>decimi&amp;</strong></span> 
     </span>
     <span class='ocr_line' id='line_1_33' title="bbox 133 1864 1779 1942; baseline 0.007 -14"><span class='ocrx_word' id='word_1_216' title='bbox 133 1872 253 1928; x_wconf 84' lang='lat' dir='ltr'><strong>aularum</strong></span> <span class='ocrx_word' id='word_1_217' title='bbox 267 1871 344 1926; x_wconf 90' lang='lat' dir='ltr'><strong>hbuit</strong></span> <span class='ocrx_word' id='word_1_218' title='bbox 359 1872 454 1941; x_wconf 91' lang='lat' dir='ltr'><strong>aptari.</strong></span> <span class='ocrx_word' id='word_1_219' title='bbox 469 1870 536 1927; x_wconf 88' lang='lat' dir='ltr'><strong>Nam</strong></span> <span class='ocrx_word' id='word_1_220' title='bbox 550 1887 610 1927; x_wconf 91' lang='lat' dir='ltr'><strong>curn</strong></span> <span class='ocrx_word' id='word_1_221' title='bbox 625 1887 668 1929; x_wconf 90' lang='lat' dir='ltr'><strong>me</strong></span> <span class='ocrx_word' id='word_1_222' title='bbox 685 1874 800 1942; x_wconf 88' lang='lat' dir='ltr'><strong>partium</strong></span> <span class='ocrx_word' id='word_1_223' title='bbox 816 1874 928 1931; x_wconf 88' lang='lat' dir='ltr'><strong>seditio·</strong></span> <span class='ocrx_word' id='word_1_224' title='bbox 980 1864 1081 1931; x_wconf 69' lang='lat' dir='ltr'><strong>⁰b¹³¹⁰r</strong></span> <span class='ocrx_word' id='word_1_225' title='bbox 1099 1876 1110 1905; x_wconf 74' lang='lat'><em>⁰</em></span> <span class='ocrx_word' id='word_1_226' title='bbox 1125 1865 1259 1936; x_wconf 72' lang='lat' dir='ltr'><strong>llomificis</strong></span> <span class='ocrx_word' id='word_1_227' title='bbox 1272 1866 1387 1938; x_wconf 64' lang='lat' dir='ltr'><strong>elidssldl</strong></span> <span class='ocrx_word' id='word_1_228' title='bbox 1403 1868 1551 1924; x_wconf 65' lang='lat' dir='ltr'><strong>fflissddssiiss</strong></span> <span class='ocrx_word' id='word_1_229' title='bbox 1565 1869 1717 1939; x_wconf 84' lang='lat' dir='ltr'><strong>arbitrium,</strong></span> <span class='ocrx_word' id='word_1_230' title='bbox 1730 1885 1779 1927; x_wconf 76' lang='lat'><strong>⁰⁰·</strong></span> 
     </span>
     <span class='ocr_line' id='line_1_34' title="bbox 133 1959 1782 2037; baseline -0.002 -14"><span class='ocrx_word' id='word_1_231' title='bbox 133 1979 193 2031; x_wconf 87' lang='lat' dir='ltr'><strong>nes,</strong></span> <span class='ocrx_word' id='word_1_232' title='bbox 215 1964 322 2031; x_wconf 85' lang='lat' dir='ltr'><strong>studia,</strong></span> <span class='ocrx_word' id='word_1_233' title='bbox 341 1963 507 2030; x_wconf 85' lang='lat' dir='ltr'><strong>uarietates,</strong></span> <span class='ocrx_word' id='word_1_234' title='bbox 532 1966 558 2019; x_wconf 89' lang='lat' dir='ltr'><strong>in</strong></span> <span class='ocrx_word' id='word_1_235' title='bbox 582 1965 687 2021; x_wconf 87' lang='lat' dir='ltr'><strong>diuersa</strong></span> <span class='ocrx_word' id='word_1_236' title='bbox 710 1976 863 2037; x_wconf 88' lang='lat' dir='ltr'><strong>raptarent;</strong></span> <span class='ocrx_word' id='word_1_237' title='bbox 889 1970 929 2025; x_wconf 89' lang='lat' dir='ltr'><strong>sic</strong></span> <span class='ocrx_word' id='word_1_238' title='bbox 980 1976 1037 2017; x_wconf 91' lang='lat' dir='ltr'><strong>ram</strong></span> <span class='ocrx_word' id='word_1_239' title='bbox 1051 1971 1224 2016; x_wconf 89' lang='lat' dir='ltr'><strong>sacrosancto</strong></span> <span class='ocrx_word' id='word_1_240' title='bbox 1238 1969 1267 2016; x_wconf 88' lang='lat' dir='ltr'><strong>ct</strong></span> <span class='ocrx_word' id='word_1_241' title='bbox 1285 1960 1440 2031; x_wconf 91' lang='lat' dir='ltr'><strong>pontilicatu</strong></span> <span class='ocrx_word' id='word_1_242' title='bbox 1459 1959 1603 2018; x_wconf 81' lang='lat' dir='ltr'><strong>inanimod</strong></span> <span class='ocrx_word' id='word_1_243' title='bbox 1619 1962 1782 2034; x_wconf 85' lang='lat' dir='ltr'><strong>dignissimo</strong></span> 
     </span>
     <span class='ocr_line' id='line_1_35' title="bbox 124 2052 1781 2130; baseline 0.003 -17"><span class='ocrx_word' id='word_1_244' title='bbox 124 2054 252 2113; x_wconf 77' lang='lat' dir='ltr'><strong>dinami</strong></span> <span class='ocrx_word' id='word_1_245' title='bbox 266 2055 846 2130; x_wconf 68' lang='lat' dir='ltr'><strong>nilimanrlamsuggereoarinponamus</strong></span> <span class='ocrx_word' id='word_1_246' title='bbox 859 2070 928 2117; x_wconf 78' lang='lat' dir='ltr'><strong>ran·</strong></span> <span class='ocrx_word' id='word_1_247' title='bbox 980 2067 1049 2124; x_wconf 77' lang='lat' dir='ltr'><strong>papa</strong></span> <span class='ocrx_word' id='word_1_248' title='bbox 1067 2071 1072 2106; x_wconf 78' lang='grc' dir='ltr'><em>τ</em></span> <span class='ocrx_word' id='word_1_249' title='bbox 1088 2052 1133 2124; x_wconf 85' lang='lat' dir='ltr'><strong>oui</strong></span> <span class='ocrx_word' id='word_1_250' title='bbox 1147 2052 1256 2108; x_wconf 78' lang='lat' dir='ltr'><strong>cuman</strong></span> <span class='ocrx_word' id='word_1_251' title='bbox 1280 2066 1336 2107; x_wconf 74' lang='lat' dir='ltr'><strong>sno</strong></span> <span class='ocrx_word' id='word_1_252' title='bbox 1361 2054 1506 2122; x_wconf 73' lang='lat' dir='ltr'><strong>provincia</strong></span> <span class='ocrx_word' id='word_1_253' title='bbox 1527 2061 1618 2123; x_wconf 81' lang='lat' dir='ltr'><strong>capua,</strong></span> <span class='ocrx_word' id='word_1_254' title='bbox 1639 2054 1676 2110; x_wconf 82' lang='lat' dir='ltr'><strong>atr</strong></span> <span class='ocrx_word' id='word_1_255' title='bbox 1697 2055 1781 2112; x_wconf 83' lang='lat' dir='ltr'><strong>etiarn</strong></span> 
     </span>
    </p>
   </div>
   <div class='ocr_carea' id='block_1_7' title="bbox 100 2142 938 2870">
    <p class='ocr_par' dir='ltr' id='par_1_10' title="bbox 100 2142 938 2870">
     <span class='ocr_line' id='line_1_36' title="bbox 126 2142 929 2220; baseline 0.001 -14"><span class='ocrx_word' id='word_1_256' title='bbox 126 2142 183 2220; x_wconf 77' lang='lat' dir='ltr'><strong>&#39;pus</strong></span> <span class='ocrx_word' id='word_1_257' title='bbox 197 2148 337 2219; x_wconf 89' lang='lat' dir='ltr'><strong>occupatio</strong></span> <span class='ocrx_word' id='word_1_258' title='bbox 350 2147 534 2204; x_wconf 80' lang='lat' dir='ltr'><strong>subtrahebat.</strong></span> <span class='ocrx_word' id='word_1_259' title='bbox 557 2148 662 2204; x_wconf 87' lang='lat' dir='ltr'><strong>Etenim</strong></span> <span class='ocrx_word' id='word_1_260' title='bbox 676 2157 749 2205; x_wconf 88' lang='lat' dir='ltr'><strong>tanta</strong></span> <span class='ocrx_word' id='word_1_261' title='bbox 765 2151 840 2207; x_wconf 89' lang='lat' dir='ltr'><strong>turba</strong></span> <span class='ocrx_word' id='word_1_262' title='bbox 855 2166 929 2207; x_wconf 89' lang='lat' dir='ltr'><strong>com-</strong></span> 
     </span>
     <span class='ocr_line' id='line_1_37' title="bbox 133 2238 930 2317; baseline 0.005 -21"><span class='ocrx_word' id='word_1_263' title='bbox 133 2240 287 2317; x_wconf 81' lang='lat' dir='ltr'><strong>petitorum,</strong></span> <span class='ocrx_word' id='word_1_264' title='bbox 300 2250 329 2294; x_wconf 94' lang='lat' dir='ltr'><strong>ut</strong></span> <span class='ocrx_word' id='word_1_265' title='bbox 344 2238 480 2295; x_wconf 80' lang='lat' dir='ltr'><strong>catltedrre</strong></span> <span class='ocrx_word' id='word_1_266' title='bbox 493 2238 571 2294; x_wconf 85' lang='lat' dir='ltr'><strong>utrius</strong></span> <span class='ocrx_word' id='word_1_267' title='bbox 586 2242 822 2297; x_wconf 90' lang='lat' dir='ltr'><strong>numerosissimos</strong></span> <span class='ocrx_word' id='word_1_268' title='bbox 837 2242 930 2300; x_wconf 90' lang='lat' dir='ltr'><strong>eandi-</strong></span> 
     </span>
     <span class='ocr_line' id='line_1_38' title="bbox 133 2333 929 2405; baseline 0.003 -14"><span class='ocrx_word' id='word_1_269' title='bbox 133 2333 210 2391; x_wconf 87' lang='lat' dir='ltr'><strong>datos</strong></span> <span class='ocrx_word' id='word_1_270' title='bbox 231 2349 280 2390; x_wconf 91' lang='lat' dir='ltr'><strong>nec</strong></span> <span class='ocrx_word' id='word_1_271' title='bbox 293 2333 347 2391; x_wconf 93' lang='lat' dir='ltr'><strong>duo</strong></span> <span class='ocrx_word' id='word_1_272' title='bbox 369 2334 491 2402; x_wconf 90' lang='lat' dir='ltr'><strong>recipcre</strong></span> <span class='ocrx_word' id='word_1_273' title='bbox 515 2349 622 2392; x_wconf 89' lang='lat' dir='ltr'><strong>scamna</strong></span> <span class='ocrx_word' id='word_1_274' title='bbox 643 2337 801 2405; x_wconf 90' lang='lat' dir='ltr'><strong>potuissent.</strong></span> <span class='ocrx_word' id='word_1_275' title='bbox 827 2338 929 2395; x_wconf 79' lang='lat' dir='ltr'><strong>litones</strong></span> 
     </span>
     <span class='ocr_line' id='line_1_39' title="bbox 128 2424 930 2504; baseline 0.005 -20"><span class='ocrx_word' id='word_1_276' title='bbox 128 2424 274 2500; x_wconf 85' lang='lat' dir='ltr'><strong>&#39;placebant</strong></span> <span class='ocrx_word' id='word_1_277' title='bbox 288 2427 457 2495; x_wconf 84' lang='lat' dir='ltr'><strong>sibi,ouanes</strong></span> <span class='ocrx_word' id='word_1_278' title='bbox 478 2428 604 2503; x_wconf 90' lang='lat' dir='ltr'><strong>omnibus</strong></span> <span class='ocrx_word' id='word_1_279' title='bbox 625 2429 815 2500; x_wconf 87' lang='lat' dir='ltr'><strong>displicebant.</strong></span> <span class='ocrx_word' id='word_1_280' title='bbox 839 2430 930 2504; x_wconf 79' lang='lat' dir='ltr'><strong>Neque</strong></span> 
     </span>
     <span class='ocr_line' id='line_1_40' title="bbox 134 2521 938 2592; baseline 0.004 -15"><span class='ocrx_word' id='word_1_281' title='bbox 134 2521 206 2578; x_wconf 91' lang='lat' dir='ltr'><strong>enim</strong></span> <span class='ocrx_word' id='word_1_282' title='bbox 231 2521 411 2577; x_wconf 82' lang='lat' dir='ltr'><strong>valuissemus</strong></span> <span class='ocrx_word' id='word_1_283' title='bbox 433 2521 533 2591; x_wconf 91' lang='lat' dir='ltr'><strong>aliquid</strong></span> <span class='ocrx_word' id='word_1_284' title='bbox 556 2522 584 2577; x_wconf 94' lang='lat' dir='ltr'><strong>in</strong></span> <span class='ocrx_word' id='word_1_285' title='bbox 607 2536 749 2578; x_wconf 91' lang='lat' dir='ltr'><strong>commune</strong></span> <span class='ocrx_word' id='word_1_286' title='bbox 773 2525 938 2592; x_wconf 77' lang='lat' dir='ltr'><strong>consulere,</strong></span> 
     </span>
     <span class='ocr_line' id='line_1_41' title="bbox 100 2604 930 2684; baseline 0 -14"><span class='ocrx_word' id='word_1_287' title='bbox 100 2626 104 2631; x_wconf 91' lang='grc'><em>·</em></span> <span class='ocrx_word' id='word_1_288' title='bbox 128 2604 189 2670; x_wconf 78' lang='lat' dir='ltr'><strong>‘uiti</strong></span> <span class='ocrx_word' id='word_1_289' title='bbox 202 2612 296 2683; x_wconf 79' lang='lat' dir='ltr'><strong>iudicii</strong></span> <span class='ocrx_word' id='word_1_290' title='bbox 310 2613 351 2668; x_wconf 93' lang='lat' dir='ltr'><strong>sui</strong></span> <span class='ocrx_word' id='word_1_291' title='bbox 367 2612 468 2668; x_wconf 88' lang='lat' dir='ltr'><strong>iaciens</strong></span> <span class='ocrx_word' id='word_1_292' title='bbox 483 2611 559 2682; x_wconf 91' lang='lat' dir='ltr'><strong>plebs</strong></span> <span class='ocrx_word' id='word_1_293' title='bbox 571 2612 652 2669; x_wconf 88' lang='lat' dir='ltr'><strong>lenita</strong></span> <span class='ocrx_word' id='word_1_294' title='bbox 671 2614 814 2684; x_wconf 87' lang='lat' dir='ltr'><strong>jacturam,</strong></span> <span class='ocrx_word' id='word_1_295' title='bbox 840 2630 930 2672; x_wconf 90' lang='lat' dir='ltr'><strong>sacer-</strong></span> 
     </span>
     <span class='ocr_line' id='line_1_42' title="bbox 128 2699 929 2780; baseline 0.002 -19"><span class='ocrx_word' id='word_1_296' title='bbox 128 2699 218 2761; x_wconf 84' lang='lat' dir='ltr'><strong>&#39;dolaii</strong></span> <span class='ocrx_word' id='word_1_297' title='bbox 232 2720 261 2761; x_wconf 89' lang='lat' dir='ltr'><strong>sc</strong></span> <span class='ocrx_word' id='word_1_298' title='bbox 277 2705 368 2776; x_wconf 90' lang='lat' dir='ltr'><strong>potius·</strong></span> <span class='ocrx_word' id='word_1_299' title='bbox 377 2705 479 2777; x_wconf 83' lang='lat' dir='ltr'><strong>judicio</strong></span> <span class='ocrx_word' id='word_1_300' title='bbox 499 2706 682 2763; x_wconf 87' lang='lat' dir='ltr'><strong>subdidisset:</strong></span> <span class='ocrx_word' id='word_1_301' title='bbox 711 2709 929 2780; x_wconf 87' lang='lat' dir='ltr'><strong>presbyterorum</strong></span> 
     </span>
     <span class='ocr_line' id='line_1_43' title="bbox 111 2797 930 2870; baseline 0 -15"><span class='ocrx_word' id='word_1_302' title='bbox 111 2811 200 2855; x_wconf 79' lang='lat' dir='ltr'><strong>-sana</strong></span> <span class='ocrx_word' id='word_1_303' title='bbox 211 2800 302 2868; x_wconf 89' lang='lat' dir='ltr'><strong>paucis</strong></span> <span class='ocrx_word' id='word_1_304' title='bbox 322 2798 468 2868; x_wconf 88' lang='lat' dir='ltr'><strong>angulatim</strong></span> <span class='ocrx_word' id='word_1_305' title='bbox 482 2797 496 2837; x_wconf 73' lang='lat' dir='ltr'><strong>b</strong></span> <span class='ocrx_word' id='word_1_306' title='bbox 512 2798 755 2869; x_wconf 86' lang='lat' dir='ltr'><strong>lringrrltientibus;</strong></span> <span class='ocrx_word' id='word_1_307' title='bbox 780 2815 861 2870; x_wconf 89' lang='lat' dir='ltr'><strong>porro</strong></span> <span class='ocrx_word' id='word_1_308' title='bbox 881 2817 930 2856; x_wconf 91' lang='lat' dir='ltr'><strong>ao·</strong></span> 
     </span>
    </p>
   </div>
   <div class='ocr_carea' id='block_1_8' title="bbox 981 2146 1784 2871">
    <p class='ocr_par' dir='ltr' id='par_1_11' title="bbox 981 2146 1784 2871">
     <span class='ocr_line' id='line_1_44' title="bbox 981 2146 1781 2221; baseline 0.005 -18"><span class='ocrx_word' id='word_1_309' title='bbox 981 2148 1048 2203; x_wconf 93' lang='lat' dir='ltr'><strong>mibi</strong></span> <span class='ocrx_word' id='word_1_310' title='bbox 1074 2147 1257 2213; x_wconf 87' lang='lat' dir='ltr'><strong>institutione,</strong></span> <span class='ocrx_word' id='word_1_311' title='bbox 1287 2146 1431 2213; x_wconf 91' lang='lat' dir='ltr'><strong>lacondia,</strong></span> <span class='ocrx_word' id='word_1_312' title='bbox 1457 2147 1618 2218; x_wconf 87' lang='lat' dir='ltr'><strong>priuilegio,</strong></span> <span class='ocrx_word' id='word_1_313' title='bbox 1646 2158 1781 2221; x_wconf 90' lang='lat' dir='ltr'><strong>tempure,</strong></span> 
     </span>
     <span class='ocr_line' id='line_1_45' title="bbox 982 2237 1783 2313; baseline 0.004 -18"><span class='ocrx_word' id='word_1_314' title='bbox 982 2250 1061 2295; x_wconf 82' lang='grc' dir='ltr'>ιιιιιι</span> <span class='ocrx_word' id='word_1_315' title='bbox 1078 2240 1270 2309; x_wconf 85' lang='lat' dir='ltr'><strong>praestantior:</strong></span> <span class='ocrx_word' id='word_1_316' title='bbox 1292 2253 1343 2309; x_wconf 88' lang='lat' dir='ltr'><strong>ego</strong></span> <span class='ocrx_word' id='word_1_317' title='bbox 1364 2237 1460 2308; x_wconf 88' lang='lat' dir='ltr'><strong>deque,</strong></span> <span class='ocrx_word' id='word_1_318' title='bbox 1487 2254 1634 2311; x_wconf 88' lang='lat' dir='ltr'><strong>coramque</strong></span> <span class='ocrx_word' id='word_1_319' title='bbox 1647 2251 1783 2313; x_wconf 85' lang='lat' dir='ltr'><strong>metropo</strong></span> 
     </span>
     <span class='ocr_line' id='line_1_46' title="bbox 982 2329 1784 2403; baseline 0.001 -17"><span class='ocrx_word' id='word_1_320' title='bbox 982 2333 1065 2386; x_wconf 85' lang='lat' dir='ltr'><strong>lirano</strong></span> <span class='ocrx_word' id='word_1_321' title='bbox 1080 2331 1162 2386; x_wconf 81' lang='lat' dir='ltr'><strong>rerba</strong></span> <span class='ocrx_word' id='word_1_322' title='bbox 1177 2329 1307 2396; x_wconf 88' lang='lat' dir='ltr'><strong>lactarus,</strong></span> <span class='ocrx_word' id='word_1_323' title='bbox 1327 2340 1355 2385; x_wconf 88' lang='lat' dir='ltr'><strong>et</strong></span> <span class='ocrx_word' id='word_1_324' title='bbox 1376 2330 1557 2398; x_wconf 79' lang='lat' dir='ltr'><strong>provincialis,</strong></span> <span class='ocrx_word' id='word_1_325' title='bbox 1572 2338 1600 2385; x_wconf 91' lang='lat' dir='ltr'><strong>et</strong></span> <span class='ocrx_word' id='word_1_326' title='bbox 1612 2331 1716 2399; x_wconf 80' lang='lat' dir='ltr'><strong>J&#39;unior,</strong></span> <span class='ocrx_word' id='word_1_327' title='bbox 1733 2348 1784 2403; x_wconf 89' lang='lat' dir='ltr'><strong>pa·</strong></span> 
     </span>
     <span class='ocr_line' id='line_1_47' title="bbox 981 2422 1783 2493; baseline 0.001 -12"><span class='ocrx_word' id='word_1_328' title='bbox 981 2427 1047 2482; x_wconf 89' lang='lat' dir='ltr'><strong>riter</strong></span> <span class='ocrx_word' id='word_1_329' title='bbox 1059 2424 1116 2480; x_wconf 91' lang='lat' dir='ltr'><strong>lero</strong></span> <span class='ocrx_word' id='word_1_330' title='bbox 1136 2424 1254 2493; x_wconf 89' lang='lat' dir='ltr'><strong>imperiti</strong></span> <span class='ocrx_word' id='word_1_331' title='bbox 1277 2422 1481 2490; x_wconf 80' lang='lat' dir='ltr'><strong>verecundiam,</strong></span> <span class='ocrx_word' id='word_1_332' title='bbox 1506 2423 1783 2491; x_wconf 84' lang='lat' dir='ltr'><strong>procaeisinridiarn.</strong></span> 
     </span>
     <span class='ocr_line' id='line_1_48' title="bbox 981 2509 1783 2590; baseline -0.001 -15"><span class='ocrx_word' id='word_1_333' title='bbox 981 2509 1170 2589; x_wconf 68' lang='lat' dir='ltr'><strong>sedquoniam</strong></span> <span class='ocrx_word' id='word_1_334' title='bbox 1184 2515 1327 2572; x_wconf 84' lang='lat' dir='ltr'><strong>restrosic</strong></span> <span class='ocrx_word' id='word_1_335' title='bbox 1343 2515 1450 2571; x_wconf 90' lang='lat' dir='ltr'><strong>libitum</strong></span> <span class='ocrx_word' id='word_1_336' title='bbox 1462 2517 1558 2582; x_wconf 90' lang='lat' dir='ltr'><strong>errori,</strong></span> <span class='ocrx_word' id='word_1_337' title='bbox 1583 2526 1612 2572; x_wconf 91' lang='lat' dir='ltr'><strong>ut</strong></span> <span class='ocrx_word' id='word_1_338' title='bbox 1632 2517 1691 2588; x_wconf 90' lang='lat' dir='ltr'><strong>ipse</strong></span> <span class='ocrx_word' id='word_1_339' title='bbox 1716 2523 1783 2590; x_wconf 90' lang='lat' dir='ltr'><strong>pru-</strong></span> 
     </span>
     <span class='ocr_line' id='line_1_49' title="bbox 981 2609 1783 2682; baseline 0 -12"><span class='ocrx_word' id='word_1_340' title='bbox 981 2613 1072 2670; x_wconf 89' lang='lat' dir='ltr'><strong>dentia</strong></span> <span class='ocrx_word' id='word_1_341' title='bbox 1084 2626 1191 2680; x_wconf 80' lang='lat' dir='ltr'><strong>caretas,</strong></span> <span class='ocrx_word' id='word_1_342' title='bbox 1205 2609 1362 2681; x_wconf 86' lang='lat' dir='ltr'><strong>prudentem</strong></span> <span class='ocrx_word' id='word_1_343' title='bbox 1376 2610 1464 2681; x_wconf 84' lang='lat' dir='ltr'><strong>robis,</strong></span> <span class='ocrx_word' id='word_1_344' title='bbox 1487 2611 1513 2665; x_wconf 92' lang='lat' dir='ltr'><strong>iu</strong></span> <span class='ocrx_word' id='word_1_345' title='bbox 1536 2611 1667 2682; x_wconf 85' lang='lat' dir='ltr'><strong>cujusque</strong></span> <span class='ocrx_word' id='word_1_346' title='bbox 1688 2627 1783 2682; x_wconf 89' lang='lat' dir='ltr'><strong>perso·</strong></span> 
     </span>
     <span class='ocr_line' id='line_1_50' title="bbox 982 2703 1782 2779; baseline 0.001 -18"><span class='ocrx_word' id='word_1_347' title='bbox 982 2721 1044 2761; x_wconf 86' lang='lat' dir='ltr'><strong>narn</strong></span> <span class='ocrx_word' id='word_1_348' title='bbox 1061 2704 1218 2779; x_wconf 75' lang='lat' dir='ltr'><strong>191bona</strong></span> <span class='ocrx_word' id='word_1_349' title='bbox 1233 2703 1315 2759; x_wconf 84' lang='lat' dir='ltr'><strong>inulta</strong></span> <span class='ocrx_word' id='word_1_350' title='bbox 1331 2712 1514 2769; x_wconf 90' lang='lat' dir='ltr'><strong>concurrant,</strong></span> <span class='ocrx_word' id='word_1_351' title='bbox 1540 2704 1590 2758; x_wconf 90' lang='lat' dir='ltr'><strong>snb</strong></span> <span class='ocrx_word' id='word_1_352' title='bbox 1609 2719 1661 2775; x_wconf 89' lang='lat' dir='ltr'><strong>opo</strong></span> <span class='ocrx_word' id='word_1_353' title='bbox 1680 2704 1782 2777; x_wconf 82' lang='lat' dir='ltr'><strong>ctrrisq</strong></span> 
     </span>
     <span class='ocr_line' id='line_1_51' title="bbox 982 2788 1784 2871; baseline 0 -15"><span class='ocrx_word' id='word_1_354' title='bbox 982 2801 1140 2871; x_wconf 86' lang='lat' dir='ltr'><strong>episcopum</strong></span> <span class='ocrx_word' id='word_1_355' title='bbox 1153 2799 1294 2868; x_wconf 79' lang='lat' dir='ltr'><strong>exquiram</strong></span> <span class='ocrx_word' id='word_1_356' title='bbox 1310 2814 1317 2852; x_wconf 78' lang='grc' dir='ltr'><strong>ι</strong></span> <span class='ocrx_word' id='word_1_357' title='bbox 1343 2797 1474 2853; x_wconf 78' lang='lat' dir='ltr'><strong>noveritis</strong></span> <span class='ocrx_word' id='word_1_358' title='bbox 1499 2797 1652 2868; x_wconf 82' lang='lat' dir='ltr'><strong>hujusmodi</strong></span> <span class='ocrx_word' id='word_1_359' title='bbox 1667 2788 1784 2857; x_wconf 87' lang='lat' dir='ltr'><strong>assensu</strong></span> 
     </span>
    </p>
   </div>
   <div class='ocr_carea' id='block_1_9' title="bbox 130 2889 1784 3149">
    <p class='ocr_par' dir='ltr' id='par_1_12' title="bbox 130 2889 1784 3149">
     <span class='ocr_line' id='line_1_52' title="bbox 130 2889 1784 2963; baseline 0.001 -16"><span class='ocrx_word' id='word_1_360' title='bbox 130 2897 188 2947; x_wconf 88' lang='lat' dir='ltr'><strong>tem</strong></span> <span class='ocrx_word' id='word_1_361' title='bbox 204 2889 291 2960; x_wconf 89' lang='lat' dir='ltr'><strong>palam</strong></span> <span class='ocrx_word' id='word_1_362' title='bbox 307 2904 340 2944; x_wconf 89' lang='lat' dir='ltr'><strong>ne</strong></span> <span class='ocrx_word' id='word_1_363' title='bbox 352 2890 555 2946; x_wconf 86' lang='lat' dir='ltr'><strong>mussitantibus</strong></span> <span class='ocrx_word' id='word_1_364' title='bbox 569 2889 699 2961; x_wconf 87' lang='lat' dir='ltr'><strong>quidcm;</strong></span> <span class='ocrx_word' id='word_1_365' title='bbox 727 2890 788 2961; x_wconf 92' lang='lat' dir='ltr'><strong>quia</strong></span> <span class='ocrx_word' id='word_1_366' title='bbox 809 2891 931 2963; x_wconf 86' lang='lat' dir='ltr'><strong>plerique</strong></span> <span class='ocrx_word' id='word_1_367' title='bbox 983 2893 1095 2949; x_wconf 88' lang='lat' dir='ltr'><strong>multum</strong></span> <span class='ocrx_word' id='word_1_368' title='bbox 1112 2906 1155 2947; x_wconf 86' lang='lat' dir='ltr'><strong>me</strong></span> <span class='ocrx_word' id='word_1_369' title='bbox 1170 2891 1292 2955; x_wconf 89' lang='lat' dir='ltr'><strong>honoris,</strong></span> <span class='ocrx_word' id='word_1_370' title='bbox 1310 2892 1370 2961; x_wconf 88' lang='lat' dir='ltr'><strong>plus</strong></span> <span class='ocrx_word' id='word_1_371' title='bbox 1382 2892 1474 2952; x_wconf 89' lang='lat' dir='ltr'><strong>oneris</strong></span> <span class='ocrx_word' id='word_1_372' title='bbox 1497 2891 1631 2962; x_wconf 84' lang='lat' dir='ltr'><strong>excipere.</strong></span> <span class='ocrx_word' id='word_1_373' title='bbox 1658 2891 1784 2950; x_wconf 80' lang='lat' dir='ltr'><strong>Primora</strong></span> 
     </span>
     <span class='ocr_line' id='line_1_53' title="bbox 133 2982 1779 3057; baseline -0.001 -17"><span class='ocrx_word' id='word_1_374' title='bbox 133 2999 188 3040; x_wconf 90' lang='lat' dir='ltr'><strong>aon</strong></span> <span class='ocrx_word' id='word_1_375' title='bbox 203 2982 292 3039; x_wconf 91' lang='lat' dir='ltr'><strong>minus</strong></span> <span class='ocrx_word' id='word_1_376' title='bbox 307 2998 383 3038; x_wconf 86' lang='lat' dir='ltr'><strong>sarum</strong></span> <span class='ocrx_word' id='word_1_377' title='bbox 395 2998 475 3053; x_wconf 92' lang='lat' dir='ltr'><strong>quam</strong></span> <span class='ocrx_word' id='word_1_378' title='bbox 489 2983 606 3054; x_wconf 87' lang='lat' dir='ltr'><strong>reliquos</strong></span> <span class='ocrx_word' id='word_1_379' title='bbox 625 2984 735 3039; x_wconf 86' lang='lat' dir='ltr'><strong>ordines</strong></span> <span class='ocrx_word' id='word_1_380' title='bbox 754 2985 931 3055; x_wconf 85' lang='lat' dir='ltr'><strong>pertimesce·</strong></span> <span class='ocrx_word' id='word_1_381' title='bbox 982 2988 1052 3053; x_wconf 87' lang='lat' dir='ltr'><strong>loco,</strong></span> <span class='ocrx_word' id='word_1_382' title='bbox 1066 2985 1195 3057; x_wconf 86' lang='lat' dir='ltr'><strong>grandem</strong></span> <span class='ocrx_word' id='word_1_383' title='bbox 1211 2984 1325 3054; x_wconf 77' lang='lat' dir='ltr'><strong>publicae</strong></span> <span class='ocrx_word' id='word_1_384' title='bbox 1335 2983 1472 3054; x_wconf 92' lang='lat' dir='ltr'><strong>opinionis</strong></span> <span class='ocrx_word' id='word_1_385' title='bbox 1480 2984 1614 3040; x_wconf 86' lang='lat' dir='ltr'><strong>sarcinam</strong></span> <span class='ocrx_word' id='word_1_386' title='bbox 1628 2984 1779 3054; x_wconf 88' lang='lat' dir='ltr'><strong>penditote,</strong></span> 
     </span>
     <span class='ocr_line' id='line_1_54' title="bbox 132 3074 1782 3149; baseline 0 -17"><span class='ocrx_word' id='word_1_387' title='bbox 132 3075 208 3133; x_wconf 89' lang='lat' dir='ltr'><strong>bant.</strong></span> <span class='ocrx_word' id='word_1_388' title='bbox 224 3074 306 3146; x_wconf 86' lang='lat' dir='ltr'><strong>igitur</strong></span> <span class='ocrx_word' id='word_1_389' title='bbox 321 3074 384 3129; x_wconf 91' lang='lat' dir='ltr'><strong>dum</strong></span> <span class='ocrx_word' id='word_1_390' title='bbox 408 3074 512 3143; x_wconf 90' lang='lat' dir='ltr'><strong>publice</strong></span> <span class='ocrx_word' id='word_1_391' title='bbox 538 3084 607 3130; x_wconf 88' lang='lat' dir='ltr'><strong>totos</strong></span> <span class='ocrx_word' id='word_1_392' title='bbox 631 3074 728 3144; x_wconf 89' lang='lat' dir='ltr'><strong>singuli</strong></span> <span class='ocrx_word' id='word_1_393' title='bbox 753 3083 863 3141; x_wconf 86' lang='lat' dir='ltr'><strong>cavent,</strong></span> <span class='ocrx_word' id='word_1_394' title='bbox 888 3075 929 3130; x_wconf 88' lang='lat' dir='ltr'><strong>ia·</strong></span> <span class='ocrx_word' id='word_1_395' title='bbox 982 3078 1054 3149; x_wconf 93' lang='lat' dir='ltr'><strong>quod</strong></span> <span class='ocrx_word' id='word_1_396' title='bbox 1067 3076 1222 3148; x_wconf 77' lang='lat' dir='ltr'><strong>iniunxistis</strong></span> <span class='ocrx_word' id='word_1_397' title='bbox 1243 3076 1381 3144; x_wconf 82' lang='lat' dir='ltr'><strong>incipienti</strong></span> <span class='ocrx_word' id='word_1_398' title='bbox 1396 3081 1581 3131; x_wconf 91' lang='lat' dir='ltr'><strong>consummata</strong></span> <span class='ocrx_word' id='word_1_399' title='bbox 1594 3074 1714 3146; x_wconf 80' lang='lat' dir='ltr'><strong>judicia:</strong></span> <span class='ocrx_word' id='word_1_400' title='bbox 1738 3084 1782 3132; x_wconf 86' lang='lat' dir='ltr'><strong>at-</strong></span> 
     </span>
    </p>
   </div>
   <div class='ocr_carea' id='block_1_10' title="bbox 106 3154 1785 3427">
    <p class='ocr_par' dir='ltr' id='par_1_13' title="bbox 106 3154 1785 3427">
     <span class='ocr_line' id='line_1_55' title="bbox 106 3154 1783 3244; baseline 0.004 -23"><span class='ocrx_word' id='word_1_401' title='bbox 106 3177 109 3183; x_wconf 89' lang='grc'><strong><em>·</em></strong></span> <span class='ocrx_word' id='word_1_402' title='bbox 130 3162 207 3225; x_wconf 82' lang='lat' dir='ltr'><strong>&#39;ctum</strong></span> <span class='ocrx_word' id='word_1_403' title='bbox 222 3177 306 3223; x_wconf 89' lang='lat' dir='ltr'><strong>estut</strong></span> <span class='ocrx_word' id='word_1_404' title='bbox 322 3182 416 3221; x_wconf 90' lang='lat' dir='ltr'><strong>omnes</strong></span> <span class='ocrx_word' id='word_1_405' title='bbox 437 3182 491 3221; x_wconf 91' lang='lat' dir='ltr'><strong>nun</strong></span> <span class='ocrx_word' id='word_1_406' title='bbox 512 3175 687 3236; x_wconf 88' lang='lat' dir='ltr'><strong>aspernanter</strong></span> <span class='ocrx_word' id='word_1_407' title='bbox 711 3167 845 3233; x_wconf 89' lang='lat' dir='ltr'><strong>audirent,</strong></span> <span class='ocrx_word' id='word_1_408' title='bbox 861 3168 932 3238; x_wconf 93' lang='lat' dir='ltr'><strong>quod</strong></span> <span class='ocrx_word' id='word_1_409' title='bbox 945 3154 969 3219; x_wconf 81' lang='lat' dir='ltr'>C</span> <span class='ocrx_word' id='word_1_410' title='bbox 984 3189 1036 3244; x_wconf 89' lang='lat' dir='ltr'><strong>quc</strong></span> <span class='ocrx_word' id='word_1_411' title='bbox 1056 3173 1090 3227; x_wconf 90' lang='lat' dir='ltr'><strong>ab</strong></span> <span class='ocrx_word' id='word_1_412' title='bbox 1105 3173 1156 3227; x_wconf 92' lang='lat' dir='ltr'><strong>hoc</strong></span> <span class='ocrx_word' id='word_1_413' title='bbox 1181 3181 1284 3227; x_wconf 89' lang='lat' dir='ltr'><strong>rectum</strong></span> <span class='ocrx_word' id='word_1_414' title='bbox 1302 3170 1409 3226; x_wconf 89' lang='lat' dir='ltr'><strong>concilii</strong></span> <span class='ocrx_word' id='word_1_415' title='bbox 1427 3170 1561 3225; x_wconf 89' lang='lat' dir='ltr'><strong>tramitem</strong></span> <span class='ocrx_word' id='word_1_416' title='bbox 1576 3169 1727 3239; x_wconf 89' lang='lat' dir='ltr'><strong>postulatis,</strong></span> <span class='ocrx_word' id='word_1_417' title='bbox 1753 3170 1783 3227; x_wconf 88' lang='lat' dir='ltr'><strong>iu</strong></span> 
     </span>
     <span class='ocr_line' id='line_1_56' title="bbox 130 3255 1785 3335; baseline 0.001 -17"><span class='ocrx_word' id='word_1_418' title='bbox 130 3255 261 3330; x_wconf 80' lang='lat' dir='ltr'><strong>&#39;deinceps</strong></span> <span class='ocrx_word' id='word_1_419' title='bbox 276 3258 424 3314; x_wconf 88' lang='lat' dir='ltr'><strong>ambienter</strong></span> <span class='ocrx_word' id='word_1_420' title='bbox 435 3267 602 3328; x_wconf 85' lang='lat' dir='ltr'><strong>expeterent.</strong></span> <span class='ocrx_word' id='word_1_421' title='bbox 615 3259 705 3328; x_wconf 88' lang='lat' dir='ltr'><strong>ltaque</strong></span> <span class='ocrx_word' id='word_1_422' title='bbox 719 3260 842 3327; x_wconf 84' lang='lat' dir='ltr'><strong>paginarat</strong></span> <span class='ocrx_word' id='word_1_423' title='bbox 853 3275 931 3315; x_wconf 85' lang='lat' dir='ltr'><strong>sunrc</strong></span> <span class='ocrx_word' id='word_1_424' title='bbox 986 3280 1039 3335; x_wconf 90' lang='lat' dir='ltr'><strong>quo</strong></span> <span class='ocrx_word' id='word_1_425' title='bbox 1054 3263 1173 3318; x_wconf 87' lang='lat' dir='ltr'><strong>recolitis</strong></span> <span class='ocrx_word' id='word_1_426' title='bbox 1185 3262 1273 3318; x_wconf 91' lang='lat' dir='ltr'><strong>adbuc</strong></span> <span class='ocrx_word' id='word_1_427' title='bbox 1288 3276 1373 3334; x_wconf 91' lang='lat' dir='ltr'><strong>nuper</strong></span> <span class='ocrx_word' id='word_1_428' title='bbox 1383 3274 1511 3317; x_wconf 80' lang='lat' dir='ltr'><strong>erratuum.</strong></span> <span class='ocrx_word' id='word_1_429' title='bbox 1534 3261 1691 3333; x_wconf 88' lang='lat' dir='ltr'><strong>igiturquia</strong></span> <span class='ocrx_word' id='word_1_430' title='bbox 1705 3263 1785 3320; x_wconf 85' lang='lat' dir='ltr'><strong>robis</strong></span> 
     </span>
     <span class='ocr_line' id='line_1_57' title="bbox 118 3349 1782 3427; baseline 0.004 -19"><span class='ocrx_word' id='word_1_431' title='bbox 118 3351 247 3410; x_wconf 75' lang='lat' dir='ltr'><strong>·‘subdltis</strong></span> <span class='ocrx_word' id='word_1_432' title='bbox 263 3349 443 3405; x_wconf 86' lang='lat' dir='ltr'><strong>uoluminibus</strong></span> <span class='ocrx_word' id='word_1_433' title='bbox 459 3350 612 3420; x_wconf 88' lang='lat' dir='ltr'><strong>adjunctam</strong></span> <span class='ocrx_word' id='word_1_434' title='bbox 631 3366 731 3421; x_wconf 86' lang='lat' dir='ltr'><strong>:quam</strong></span> <span class='ocrx_word' id='word_1_435' title='bbox 745 3352 850 3407; x_wconf 87' lang='lat' dir='ltr'><strong>duabus</strong></span> <span class='ocrx_word' id='word_1_436' title='bbox 862 3353 930 3424; x_wconf 85' lang='lat' dir='ltr'><strong>vigi·</strong></span> <span class='ocrx_word' id='word_1_437' title='bbox 988 3359 1014 3412; x_wconf 92' lang='lat' dir='ltr'><strong>id</strong></span> <span class='ocrx_word' id='word_1_438' title='bbox 1029 3357 1078 3412; x_wconf 86' lang='lat' dir='ltr'><strong>luit</strong></span> <span class='ocrx_word' id='word_1_439' title='bbox 1089 3357 1177 3424; x_wconf 88' lang='lat' dir='ltr'><strong>cordi,</strong></span> <span class='ocrx_word' id='word_1_440' title='bbox 1194 3356 1318 3422; x_wconf 89' lang='lat' dir='ltr'><strong>obsecro,</strong></span> <span class='ocrx_word' id='word_1_441' title='bbox 1335 3367 1364 3410; x_wconf 92' lang='lat' dir='ltr'><strong>nt</strong></span> <span class='ocrx_word' id='word_1_442' title='bbox 1391 3356 1484 3427; x_wconf 90' lang='lat' dir='ltr'><strong>quales</strong></span> <span class='ocrx_word' id='word_1_443' title='bbox 1508 3371 1557 3412; x_wconf 88' lang='lat' dir='ltr'><strong>nos</strong></span> <span class='ocrx_word' id='word_1_444' title='bbox 1584 3356 1636 3414; x_wconf 86' lang='lat' dir='ltr'><strong>lide</strong></span> <span class='ocrx_word' id='word_1_445' title='bbox 1658 3357 1782 3426; x_wconf 87' lang='lat' dir='ltr'><strong>credilis,</strong></span> 
     </span>
    </p>
   </div>
   <div class='ocr_carea' id='block_1_11' title="bbox 130 3442 942 4068">
    <p class='ocr_par' dir='ltr' id='par_1_14' title="bbox 130 3442 942 3790">
     <span class='ocr_line' id='line_1_58' title="bbox 130 3442 928 3513; baseline -0.003 -12"><span class='ocrx_word' id='word_1_446' title='bbox 130 3442 177 3502; x_wconf 90' lang='lat' dir='ltr'><strong>liis</strong></span> <span class='ocrx_word' id='word_1_447' title='bbox 200 3443 279 3499; x_wconf 90' lang='lat' dir='ltr'><strong>unius</strong></span> <span class='ocrx_word' id='word_1_448' title='bbox 305 3443 393 3510; x_wconf 75' lang='lat' dir='ltr'><strong>noctis</strong></span> <span class='ocrx_word' id='word_1_449' title='bbox 417 3443 527 3509; x_wconf 82' lang='lat' dir='ltr'><strong>restitue,</strong></span> <span class='ocrx_word' id='word_1_450' title='bbox 552 3442 659 3498; x_wconf 88' lang='lat' dir='ltr'><strong>Christo</strong></span> <span class='ocrx_word' id='word_1_451' title='bbox 686 3452 764 3508; x_wconf 89' lang='lat' dir='ltr'><strong>teste,</strong></span> <span class='ocrx_word' id='word_1_452' title='bbox 790 3444 928 3513; x_wconf 84' lang='lat' dir='ltr'><strong>dictatant,</strong></span> 
     </span>
     <span class='ocr_line' id='line_1_59' title="bbox 131 3535 942 3610; baseline 0.002 -17"><span class='ocrx_word' id='word_1_453' title='bbox 131 3537 277 3610; x_wconf 89' lang='lat' dir='ltr'><strong>&#39;plurimum</strong></span> <span class='ocrx_word' id='word_1_454' title='bbox 294 3550 399 3604; x_wconf 84' lang='lat' dir='ltr'><strong>vereor,</strong></span> <span class='ocrx_word' id='word_1_455' title='bbox 416 3551 450 3591; x_wconf 92' lang='lat' dir='ltr'><strong>ne</strong></span> <span class='ocrx_word' id='word_1_456' title='bbox 462 3536 511 3605; x_wconf 92' lang='lat' dir='ltr'><strong>ipsi</strong></span> <span class='ocrx_word' id='word_1_457' title='bbox 526 3535 641 3604; x_wconf 89' lang='lat' dir='ltr'><strong>amplius</strong></span> <span class='ocrx_word' id='word_1_458' title='bbox 665 3536 773 3592; x_wconf 84' lang='lat' dir='ltr'><strong>lectioni</strong></span> <span class='ocrx_word' id='word_1_459' title='bbox 795 3553 854 3608; x_wconf 74' lang='lat' dir='ltr'><strong>quaa</strong></span> <span class='ocrx_word' id='word_1_460' title='bbox 877 3539 942 3604; x_wconf 82' lang='lat' dir='ltr'><strong>boc,</strong></span> 
     </span>
     <span class='ocr_line' id='line_1_60' title="bbox 133 3627 928 3699; baseline 0 -13"><span class='ocrx_word' id='word_1_461' title='bbox 133 3628 169 3686; x_wconf 84' lang='lat' dir='ltr'><strong>de</strong></span> <span class='ocrx_word' id='word_1_462' title='bbox 181 3643 211 3686; x_wconf 86' lang='lat' dir='ltr'><strong>se</strong></span> <span class='ocrx_word' id='word_1_463' title='bbox 224 3628 331 3699; x_wconf 90' lang='lat' dir='ltr'><strong>probat,</strong></span> <span class='ocrx_word' id='word_1_464' title='bbox 353 3642 431 3698; x_wconf 90' lang='lat' dir='ltr'><strong>quam</strong></span> <span class='ocrx_word' id='word_1_465' title='bbox 450 3627 514 3682; x_wconf 78' lang='lat' dir='ltr'><strong>tntilli</strong></span> <span class='ocrx_word' id='word_1_466' title='bbox 530 3627 635 3683; x_wconf 87' lang='lat' dir='ltr'><strong>eredas.</strong></span> <span class='ocrx_word' id='word_1_467' title='bbox 648 3627 750 3684; x_wconf 88' lang='lat' dir='ltr'><strong>blctrror</strong></span> <span class='ocrx_word' id='word_1_468' title='bbox 764 3629 848 3686; x_wconf 88' lang='lat' dir='ltr'><strong>nostri</strong></span> <span class='ocrx_word' id='word_1_469' title='bbox 868 3645 928 3686; x_wconf 85' lang='lat' dir='ltr'><strong>esse</strong></span> 
     </span>
     <span class='ocr_line' id='line_1_61' title="bbox 133 3717 490 3790; baseline -0.014 -14"><span class='ocrx_word' id='word_1_470' title='bbox 133 3718 253 3790; x_wconf 88' lang='lat' dir='ltr'><strong>dignare,</strong></span> <span class='ocrx_word' id='word_1_471' title='bbox 269 3717 377 3775; x_wconf 90' lang='lat' dir='ltr'><strong>dominc</strong></span> <span class='ocrx_word' id='word_1_472' title='bbox 393 3721 490 3790; x_wconf 67' lang='lat' dir='ltr'><strong>papa·</strong></span> 
     </span>
    </p>

    <p class='ocr_par' dir='ltr' id='par_1_15' title="bbox 133 3802 930 4068">
     <span class='ocr_line' id='line_1_62' title="bbox 168 3802 581 3892; baseline -0.002 -27"><span class='ocrx_word' id='word_1_473' title='bbox 168 3824 176 3892; x_wconf 66' lang='grc' dir='ltr'><strong>ῑ</strong></span> <span class='ocrx_word' id='word_1_474' title='bbox 213 3875 217 3882; x_wconf 45' lang='grc'>,</span> <span class='ocrx_word' id='word_1_475' title='bbox 264 3802 267 3811; x_wconf 88' lang='grc'><strong><em>’</em></strong></span> <span class='ocrx_word' id='word_1_476' title='bbox 478 3825 581 3866; x_wconf 85' lang='lat' dir='ltr'><strong>coacto.</strong></span> 
     </span>
     <span class='ocr_line' id='line_1_63' title="bbox 151 3898 930 3976; baseline 0.01 -23"><span class='ocrx_word' id='word_1_477' title='bbox 151 3921 154 3930; x_wconf 96' lang='lat'>·</span> <span class='ocrx_word' id='word_1_478' title='bbox 171 3900 250 3973; x_wconf 74' lang='grc'><strong>190</strong></span> <span class='ocrx_word' id='word_1_479' title='bbox 263 3898 356 3955; x_wconf 81' lang='lat' dir='ltr'><strong>lielert</strong></span> <span class='ocrx_word' id='word_1_480' title='bbox 366 3899 476 3955; x_wconf 87' lang='lat' dir='ltr'><strong>historia</strong></span> <span class='ocrx_word' id='word_1_481' title='bbox 487 3899 635 3967; x_wconf 75' lang='lat' dir='ltr'><strong>saecularis,</strong></span> <span class='ocrx_word' id='word_1_482' title='bbox 648 3901 823 3970; x_wconf 85' lang='lat' dir='ltr'><strong>dilectissimi,</strong></span> <span class='ocrx_word' id='word_1_483' title='bbox 836 3922 930 3976; x_wconf 84' lang='lat' dir='ltr'><strong>querut-</strong></span> 
     </span>
     <span class='ocr_line' id='line_1_64' title="bbox 133 3990 929 4068; baseline 0.01 -20"><span class='ocrx_word' id='word_1_484' title='bbox 133 3990 194 4050; x_wconf 86' lang='lat' dir='ltr'><strong>daru</strong></span> <span class='ocrx_word' id='word_1_485' title='bbox 219 3991 440 4064; x_wconf 84' lang='lat' dir='ltr'><strong>pbilosophorum</strong></span> <span class='ocrx_word' id='word_1_486' title='bbox 461 3992 601 4063; x_wconf 89' lang='lat' dir='ltr'><strong>discipulis</strong></span> <span class='ocrx_word' id='word_1_487' title='bbox 619 3995 828 4052; x_wconf 83' lang='lat' dir='ltr'><strong>aduenientibus</strong></span> <span class='ocrx_word' id='word_1_488' title='bbox 853 4002 929 4068; x_wconf 90' lang='lat' dir='ltr'><strong>prius</strong></span> 
     </span>
    </p>
   </div>
   <div class='ocr_carea' id='block_1_12' title="bbox 55 4154 963 5862">
    <p class='ocr_par' dir='ltr' id='par_1_16' title="bbox 55 4154 963 5862">
     <span class='ocr_line' id='line_1_65' title="bbox 167 4154 925 4226; baseline 0 -11"><span class='ocrx_word' id='word_1_489' title='bbox 167 4167 182 4200; x_wconf 82' lang='lat'><strong>¹</strong></span> <span class='ocrx_word' id='word_1_490' title='bbox 196 4158 333 4215; x_wconf 84' lang='lat' dir='ltr'><strong>Turonum</strong></span> <span class='ocrx_word' id='word_1_491' title='bbox 356 4164 502 4226; x_wconf 83' lang='lat' dir='ltr'><strong>episcopo,</strong></span> <span class='ocrx_word' id='word_1_492' title='bbox 528 4157 613 4210; x_wconf 82' lang='lat' dir='ltr'><strong>tertiae</strong></span> <span class='ocrx_word' id='word_1_493' title='bbox 628 4154 813 4225; x_wconf 84' lang='lat' dir='ltr'><strong>Lugouuensts</strong></span> <span class='ocrx_word' id='word_1_494' title='bbox 828 4170 925 4215; x_wconf 88' lang='lat' dir='ltr'><strong>metro-</strong></span> 
     </span>
     <span class='ocr_line' id='line_1_66' title="bbox 55 4226 922 4298; baseline -0.003 -11"><span class='ocrx_word' id='word_1_495' title='bbox 55 4264 61 4271; x_wconf 90' lang='lat'>·</span> <span class='ocrx_word' id='word_1_496' title='bbox 169 4231 252 4287; x_wconf 89' lang='lat' dir='ltr'><strong>litano</strong></span> <span class='ocrx_word' id='word_1_497' title='bbox 265 4245 272 4283; x_wconf 92' lang='lat'>:</span> <span class='ocrx_word' id='word_1_498' title='bbox 287 4229 364 4297; x_wconf 81' lang='lat' dir='ltr'><strong>cujus</strong></span> <span class='ocrx_word' id='word_1_499' title='bbox 391 4227 536 4296; x_wconf 76' lang='lat' dir='ltr'><strong>provinciae</strong></span> <span class='ocrx_word' id='word_1_500' title='bbox 551 4226 654 4281; x_wconf 89' lang='lat' dir='ltr'><strong>duabus</strong></span> <span class='ocrx_word' id='word_1_501' title='bbox 673 4229 784 4298; x_wconf 86' lang='lat' dir='ltr'><strong>synodis</strong></span> <span class='ocrx_word' id='word_1_502' title='bbox 807 4231 922 4295; x_wconf 76' lang='lat' dir='ltr'><strong>praeibit,</strong></span> 
     </span>
     <span class='ocr_line' id='line_1_67' title="bbox 132 4247 924 4363; baseline -0.004 -5"><span class='ocrx_word' id='word_1_503' title='bbox 132 4247 267 4359; x_wconf 45' lang='lat' dir='ltr'><strong>mastica</strong></span> <span class='ocrx_word' id='word_1_504' title='bbox 290 4297 491 4353; x_wconf 76' lang='lat' dir='ltr'><strong>etburoncnsi.</strong></span> <span class='ocrx_word' id='word_1_505' title='bbox 518 4295 585 4350; x_wconf 85' lang='lat' dir='ltr'><strong>lluic</strong></span> <span class='ocrx_word' id='word_1_506' title='bbox 606 4311 670 4363; x_wconf 86' lang='lat' dir='ltr'><strong>ergo</strong></span> <span class='ocrx_word' id='word_1_507' title='bbox 692 4299 772 4353; x_wconf 80' lang='lat' dir='ltr'><strong>irritat</strong></span> <span class='ocrx_word' id='word_1_508' title='bbox 795 4300 924 4355; x_wconf 86' lang='lat' dir='ltr'><strong>Sidonius</strong></span> 
     </span>
     <span class='ocr_line' id='line_1_68' title="bbox 132 4366 924 4439; baseline -0.005 -10"><span class='ocrx_word' id='word_1_509' title='bbox 132 4370 288 4429; x_wconf 90' lang='lat' dir='ltr'><strong>concionem</strong></span> <span class='ocrx_word' id='word_1_510' title='bbox 302 4383 381 4437; x_wconf 93' lang='lat' dir='ltr'><strong>quam</strong></span> <span class='ocrx_word' id='word_1_511' title='bbox 396 4367 428 4420; x_wconf 88' lang='lat' dir='ltr'><strong>ad</strong></span> <span class='ocrx_word' id='word_1_512' title='bbox 444 4366 550 4437; x_wconf 90' lang='lat' dir='ltr'><strong>plebem</strong></span> <span class='ocrx_word' id='word_1_513' title='bbox 572 4366 716 4421; x_wconf 86' lang='lat' dir='ltr'><strong>Bituricum</strong></span> <span class='ocrx_word' id='word_1_514' title='bbox 743 4370 769 4423; x_wconf 91' lang='lat' dir='ltr'><strong>in</strong></span> <span class='ocrx_word' id='word_1_515' title='bbox 793 4370 924 4439; x_wconf 86' lang='lat' dir='ltr'><strong>Simplicii</strong></span> 
     </span>
     <span class='ocr_line' id='line_1_69' title="bbox 132 4435 924 4514; baseline -0.004 -15"><span class='ocrx_word' id='word_1_516' title='bbox 132 4436 252 4514; x_wconf 83' lang='lat' dir='ltr'><strong>episcopi</strong></span> <span class='ocrx_word' id='word_1_517' title='bbox 264 4437 396 4493; x_wconf 86' lang='lat' dir='ltr'><strong>electione</strong></span> <span class='ocrx_word' id='word_1_518' title='bbox 418 4438 557 4491; x_wconf 88' lang='lat' dir='ltr'><strong>babuerat.</strong></span> <span class='ocrx_word' id='word_1_519' title='bbox 576 4435 614 4492; x_wconf 90' lang='lat' dir='ltr'><strong>ba</strong></span> <span class='ocrx_word' id='word_1_520' title='bbox 627 4436 760 4506; x_wconf 87' lang='lat' dir='ltr'><strong>Perpetuo</strong></span> <span class='ocrx_word' id='word_1_521' title='bbox 775 4449 801 4494; x_wconf 89' lang='lat' dir='ltr'><strong>et</strong></span> <span class='ocrx_word' id='word_1_522' title='bbox 815 4440 924 4496; x_wconf 86' lang='lat' dir='ltr'><strong>basilica</strong></span> 
     </span>
     <span class='ocr_line' id='line_1_70' title="bbox 131 4507 922 4581; baseline -0.006 -10"><span class='ocrx_word' id='word_1_523' title='bbox 131 4513 164 4571; x_wconf 85' lang='lat' dir='ltr'><strong>S.</strong></span> <span class='ocrx_word' id='word_1_524' title='bbox 175 4509 280 4568; x_wconf 84' lang='lat' dir='ltr'><strong>liartini</strong></span> <span class='ocrx_word' id='word_1_525' title='bbox 290 4507 325 4563; x_wconf 91' lang='lat' dir='ltr'><strong>ab</strong></span> <span class='ocrx_word' id='word_1_526' title='bbox 336 4523 369 4562; x_wconf 91' lang='grc' dir='ltr'><strong>ιο</strong></span> <span class='ocrx_word' id='word_1_527' title='bbox 380 4516 492 4575; x_wconf 88' lang='lat' dir='ltr'><strong>structa,</strong></span> <span class='ocrx_word' id='word_1_528' title='bbox 503 4508 558 4575; x_wconf 84' lang='lat' dir='ltr'><strong>jam</strong></span> <span class='ocrx_word' id='word_1_529' title='bbox 570 4507 669 4561; x_wconf 88' lang='lat' dir='ltr'><strong>dictum</strong></span> <span class='ocrx_word' id='word_1_530' title='bbox 683 4520 724 4564; x_wconf 91' lang='lat' dir='ltr'><strong>est</strong></span> <span class='ocrx_word' id='word_1_531' title='bbox 735 4509 781 4564; x_wconf 90' lang='lat' dir='ltr'><strong>lib.</strong></span> <span class='ocrx_word' id='word_1_532' title='bbox 796 4527 830 4579; x_wconf 85' lang='grc' dir='ltr'><strong>ιι,</strong></span> <span class='ocrx_word' id='word_1_533' title='bbox 843 4512 922 4581; x_wconf 88' lang='lat' dir='ltr'><strong>epist.</strong></span> 
     </span>
     <span class='ocr_line' id='line_1_71' title="bbox 134 4574 963 4653; baseline -0.008 -12"><span class='ocrx_word' id='word_1_534' title='bbox 134 4585 179 4653; x_wconf 75' lang='lat'><strong>18.</strong></span> <span class='ocrx_word' id='word_1_535' title='bbox 194 4579 314 4638; x_wconf 78' lang='lat' dir='ltr'><strong>hieminit</strong></span> <span class='ocrx_word' id='word_1_536' title='bbox 326 4579 446 4650; x_wconf 85' lang='lat' dir='ltr'><strong>ejusdem</strong></span> <span class='ocrx_word' id='word_1_537' title='bbox 460 4593 522 4633; x_wconf 85' lang='lat' dir='ltr'><strong>cunr</strong></span> <span class='ocrx_word' id='word_1_538' title='bbox 537 4578 616 4632; x_wconf 90' lang='lat' dir='ltr'><strong>laude</strong></span> <span class='ocrx_word' id='word_1_539' title='bbox 630 4579 731 4647; x_wconf 90' lang='lat' dir='ltr'><strong>aliquot</strong></span> <span class='ocrx_word' id='word_1_540' title='bbox 750 4580 815 4635; x_wconf 89' lang='lat' dir='ltr'><strong>lucis</strong></span> <span class='ocrx_word' id='word_1_541' title='bbox 836 4574 963 4637; x_wconf 84' lang='lat' dir='ltr'><strong>Pauli-D</strong></span> 
     </span>
     <span class='ocr_line' id='line_1_72' title="bbox 132 4649 929 4728; baseline -0.001 -17"><span class='ocrx_word' id='word_1_542' title='bbox 132 4668 185 4711; x_wconf 89' lang='lat' dir='ltr'><strong>taus</strong></span> <span class='ocrx_word' id='word_1_543' title='bbox 196 4653 243 4707; x_wconf 92' lang='lat' dir='ltr'><strong>lib.</strong></span> <span class='ocrx_word' id='word_1_544' title='bbox 256 4665 281 4704; x_wconf 84' lang='lat' dir='ltr'><strong>rt</strong></span> <span class='ocrx_word' id='word_1_545' title='bbox 294 4650 328 4706; x_wconf 89' lang='lat' dir='ltr'><strong>de</strong></span> <span class='ocrx_word' id='word_1_546' title='bbox 349 4649 408 4704; x_wconf 87' lang='lat' dir='ltr'><strong>lilla</strong></span> <span class='ocrx_word' id='word_1_547' title='bbox 429 4649 458 4705; x_wconf 88' lang='lat' dir='ltr'><strong>S.</strong></span> <span class='ocrx_word' id='word_1_548' title='bbox 474 4649 590 4717; x_wconf 84' lang='lat' dir='ltr'><strong>iiartini,</strong></span> <span class='ocrx_word' id='word_1_549' title='bbox 607 4659 634 4704; x_wconf 90' lang='lat' dir='ltr'><strong>ct</strong></span> <span class='ocrx_word' id='word_1_550' title='bbox 649 4651 673 4705; x_wconf 92' lang='lat' dir='ltr'><strong>in</strong></span> <span class='ocrx_word' id='word_1_551' title='bbox 687 4651 810 4706; x_wconf 85' lang='lat' dir='ltr'><strong>versibus</strong></span> <span class='ocrx_word' id='word_1_552' title='bbox 823 4653 857 4708; x_wconf 89' lang='lat' dir='ltr'><strong>de</strong></span> <span class='ocrx_word' id='word_1_553' title='bbox 877 4653 929 4728; x_wconf 80' lang='lat' dir='ltr'><strong>Ne·</strong></span> 
     </span>
     <span class='ocr_line' id='line_1_73' title="bbox 132 4723 928 4863; baseline 0.004 -14"><span class='ocrx_word' id='word_1_554' title='bbox 132 4723 338 4849; x_wconf 45' lang='lat' dir='ltr'><strong>propomam</strong></span> <span class='ocrx_word' id='word_1_555' title='bbox 355 4806 430 4847; x_wconf 82' lang='lat' dir='ltr'><strong>olore</strong></span> <span class='ocrx_word' id='word_1_556' title='bbox 443 4792 631 4861; x_wconf 85' lang='lat' dir='ltr'><strong>garrientibus.</strong></span> <span class='ocrx_word' id='word_1_557' title='bbox 653 4792 718 4847; x_wconf 88' lang='lat' dir='ltr'><strong>Nnrn</strong></span> <span class='ocrx_word' id='word_1_558' title='bbox 733 4808 872 4863; x_wconf 87' lang='lat' dir='ltr'><strong>passerum</strong></span> <span class='ocrx_word' id='word_1_559' title='bbox 887 4805 928 4852; x_wconf 86' lang='lat' dir='ltr'><strong>est</strong></span> 
     </span>
     <span class='ocr_line' id='line_1_74' title="bbox 134 4861 925 4937; baseline 0.003 -17"><span class='ocrx_word' id='word_1_560' title='bbox 134 4865 286 4937; x_wconf 88' lang='lat' dir='ltr'><strong>iringultire</strong></span> <span class='ocrx_word' id='word_1_561' title='bbox 310 4878 357 4919; x_wconf 93' lang='lat' dir='ltr'><strong>seu</strong></span> <span class='ocrx_word' id='word_1_562' title='bbox 381 4861 548 4933; x_wconf 63' lang='lat' dir='ltr'><strong>ininguine·</strong></span> <span class='ocrx_word' id='word_1_563' title='bbox 569 4864 643 4919; x_wconf 85' lang='lat' dir='ltr'><strong>llnde</strong></span> <span class='ocrx_word' id='word_1_564' title='bbox 666 4863 792 4919; x_wconf 87' lang='lat' dir='ltr'><strong>Sidonius</strong></span> <span class='ocrx_word' id='word_1_565' title='bbox 820 4865 866 4920; x_wconf 88' lang='lat' dir='ltr'><strong>lib.</strong></span> <span class='ocrx_word' id='word_1_566' title='bbox 888 4883 925 4934; x_wconf 84' lang='lat' dir='ltr'><strong>rx,</strong></span> 
     </span>
     <span class='ocr_line' id='line_1_75' title="bbox 133 4933 929 5020; baseline 0 -28"><span class='ocrx_word' id='word_1_567' title='bbox 133 4937 276 5020; x_wconf 68' lang='lat' dir='ltr'><strong>episl.2:</strong></span> <span class='ocrx_word' id='word_1_568' title='bbox 303 4933 502 5006; x_wconf 71' lang='lat' dir='ltr'><strong>brisaquitientcs</strong></span> <span class='ocrx_word' id='word_1_569' title='bbox 525 4951 658 5002; x_wconf 86' lang='lat' dir='ltr'><strong>passerum</strong></span> <span class='ocrx_word' id='word_1_570' title='bbox 680 4950 797 4991; x_wconf 80' lang='lat' dir='ltr'><strong>sosarmus</strong></span> <span class='ocrx_word' id='word_1_571' title='bbox 820 4940 929 5006; x_wconf 88' lang='lat' dir='ltr'><strong>propris</strong></span> 
     </span>
     <span class='ocr_line' id='line_1_76' title="bbox 133 5005 926 5089; baseline -0.001 -25"><span class='ocrx_word' id='word_1_572' title='bbox 133 5007 223 5073; x_wconf 71' lang='lat' dir='ltr'><strong>dixit:</strong></span> <span class='ocrx_word' id='word_1_573' title='bbox 248 5015 276 5062; x_wconf 90' lang='grc' dir='ltr'><strong>ιι</strong></span> <span class='ocrx_word' id='word_1_574' title='bbox 299 5020 438 5089; x_wconf 71' lang='lat' dir='ltr'><strong>passerum</strong></span> <span class='ocrx_word' id='word_1_575' title='bbox 462 5020 547 5088; x_wconf 71' lang='lat' dir='ltr'><strong>genus</strong></span> <span class='ocrx_word' id='word_1_576' title='bbox 578 5014 619 5060; x_wconf 90' lang='lat' dir='ltr'><strong>cst</strong></span> <span class='ocrx_word' id='word_1_577' title='bbox 643 5005 786 5076; x_wconf 81' lang='lat' dir='ltr'><strong>fringillos.</strong></span> <span class='ocrx_word' id='word_1_578' title='bbox 812 5008 926 5077; x_wconf 74' lang='lat' dir='ltr'><strong>Glossce,</strong></span> 
     </span>
     <span class='ocr_line' id='line_1_77' title="bbox 132 5073 927 5228; baseline 0.005 -26"><span class='ocrx_word' id='word_1_579' title='bbox 132 5073 564 5217; x_wconf 44' lang='lat' dir='ltr'><strong>nsswduaecdssopogpuls&#39;&#39;azyli‘rlaug&#39;iis</strong></span> <span class='ocrx_word' id='word_1_580' title='bbox 586 5146 612 5201; x_wconf 90' lang='lat' dir='ltr'><strong>iu</strong></span> <span class='ocrx_word' id='word_1_581' title='bbox 637 5131 768 5228; x_wconf 81' lang='lat' dir='ltr'><strong>episcopis</strong></span> <span class='ocrx_word' id='word_1_582' title='bbox 795 5150 927 5217; x_wconf 83' lang='lat' dir='ltr'><strong>eligendis</strong></span> 
     </span>
     <span class='ocr_line' id='line_1_78' title="bbox 133 5217 926 5288; baseline 0 -12"><span class='ocrx_word' id='word_1_583' title='bbox 133 5219 167 5276; x_wconf 86' lang='lat' dir='ltr'><strong>ad</strong></span> <span class='ocrx_word' id='word_1_584' title='bbox 178 5217 319 5288; x_wconf 85' lang='lat' dir='ltr'><strong>epistolam</strong></span> <span class='ocrx_word' id='word_1_585' title='bbox 335 5219 455 5273; x_wconf 87' lang='lat' dir='ltr'><strong>ultinrarn</strong></span> <span class='ocrx_word' id='word_1_586' title='bbox 467 5218 513 5273; x_wconf 89' lang='lat' dir='ltr'><strong>lib.</strong></span> <span class='ocrx_word' id='word_1_587' title='bbox 530 5233 556 5272; x_wconf 86' lang='lat' dir='ltr'><strong>tr</strong></span> <span class='ocrx_word' id='word_1_588' title='bbox 572 5228 734 5282; x_wconf 78' lang='grc' dir='ltr'>ιιιιιιιιιιιιι,</span> <span class='ocrx_word' id='word_1_589' title='bbox 749 5221 842 5281; x_wconf 87' lang='lat' dir='ltr'><strong>cadem</strong></span> <span class='ocrx_word' id='word_1_590' title='bbox 854 5224 926 5276; x_wconf 87' lang='lat' dir='ltr'><strong>tale·</strong></span> 
     </span>
     <span class='ocr_line' id='line_1_79' title="bbox 134 5288 926 5361; baseline -0.003 -12"><span class='ocrx_word' id='word_1_591' title='bbox 134 5290 199 5361; x_wconf 85' lang='lat' dir='ltr'><strong>bant</strong></span> <span class='ocrx_word' id='word_1_592' title='bbox 209 5289 235 5345; x_wconf 91' lang='lat' dir='ltr'><strong>in</strong></span> <span class='ocrx_word' id='word_1_593' title='bbox 249 5289 357 5345; x_wconf 89' lang='lat' dir='ltr'><strong>creandi</strong></span> <span class='ocrx_word' id='word_1_594' title='bbox 370 5288 567 5357; x_wconf 86' lang='lat' dir='ltr'><strong>metropolitani</strong></span> <span class='ocrx_word' id='word_1_595' title='bbox 582 5289 698 5344; x_wconf 91' lang='lat' dir='ltr'><strong>comitiis</strong></span> <span class='ocrx_word' id='word_1_596' title='bbox 715 5307 722 5343; x_wconf 73' lang='grc' dir='ltr'><strong>ι</strong></span> <span class='ocrx_word' id='word_1_597' title='bbox 738 5289 834 5360; x_wconf 89' lang='lat' dir='ltr'><strong>quibus</strong></span> <span class='ocrx_word' id='word_1_598' title='bbox 845 5291 926 5347; x_wconf 81' lang='lat' dir='ltr'><strong>trimi·</strong></span> 
     </span>
     <span class='ocr_line' id='line_1_80' title="bbox 135 5358 925 5489; baseline 0.001 -71"><span class='ocrx_word' id='word_1_599' title='bbox 135 5376 193 5418; x_wconf 91' lang='lat' dir='ltr'><strong>rum</strong></span> <span class='ocrx_word' id='word_1_600' title='bbox 205 5367 319 5489; x_wconf 46' lang='lat' dir='ltr'><strong>praeerat</strong></span> <span class='ocrx_word' id='word_1_601' title='bbox 353 5358 380 5413; x_wconf 91' lang='lat' dir='ltr'><strong>ui</strong></span> <span class='ocrx_word' id='word_1_602' title='bbox 399 5359 571 5430; x_wconf 72' lang='lat' dir='ltr'><strong>praerogativa</strong></span> <span class='ocrx_word' id='word_1_603' title='bbox 594 5361 704 5430; x_wconf 86' lang='lat' dir='ltr'><strong>collegis</strong></span> <span class='ocrx_word' id='word_1_604' title='bbox 719 5362 925 5429; x_wconf 82' lang='lat' dir='ltr'><strong>provincialibus</strong></span> 
     </span>
     <span class='ocr_line' id='line_1_81' title="bbox 134 5429 926 5499; baseline -0.003 -10"><span class='ocrx_word' id='word_1_605' title='bbox 134 5433 204 5489; x_wconf 79' lang='lat' dir='ltr'><strong>antei</strong></span> <span class='ocrx_word' id='word_1_606' title='bbox 224 5441 261 5486; x_wconf 84' lang='lat' dir='ltr'><strong>at.</strong></span> <span class='ocrx_word' id='word_1_607' title='bbox 277 5429 332 5486; x_wconf 82' lang='lat' dir='ltr'><strong>beo</strong></span> <span class='ocrx_word' id='word_1_608' title='bbox 371 5443 454 5497; x_wconf 82' lang='lat' dir='ltr'><strong>agrius</strong></span> <span class='ocrx_word' id='word_1_609' title='bbox 468 5433 501 5483; x_wconf 90' lang='lat' dir='ltr'><strong>ad</strong></span> <span class='ocrx_word' id='word_1_610' title='bbox 514 5431 684 5486; x_wconf 72' lang='lat' dir='ltr'><strong>drinnacium</strong></span> <span class='ocrx_word' id='word_1_611' title='bbox 695 5433 774 5499; x_wconf 86' lang='lat' dir='ltr'><strong>epist.</strong></span> <span class='ocrx_word' id='word_1_612' title='bbox 789 5431 845 5486; x_wconf 74' lang='lat'><strong>82:</strong></span> <span class='ocrx_word' id='word_1_613' title='bbox 870 5433 926 5488; x_wconf 77' lang='lat' dir='ltr'><strong>tte-</strong></span> 
     </span>
     <span class='ocr_line' id='line_1_82' title="bbox 134 5500 952 5587; baseline 0.001 -27"><span class='ocrx_word' id='word_1_614' title='bbox 134 5506 300 5587; x_wconf 79' lang='lat' dir='ltr'><strong>lropolitauo,</strong></span> <span class='ocrx_word' id='word_1_615' title='bbox 317 5500 414 5571; x_wconf 88' lang='lat' dir='ltr'><strong>inquil,</strong></span> <span class='ocrx_word' id='word_1_616' title='bbox 429 5500 560 5569; x_wconf 78' lang='lat' dir='ltr'><strong>desacrata,</strong></span> <span class='ocrx_word' id='word_1_617' title='bbox 576 5502 743 5572; x_wconf 83' lang='lat' dir='ltr'><strong>prouincioica</strong></span> <span class='ocrx_word' id='word_1_618' title='bbox 756 5503 870 5573; x_wconf 83' lang='lat' dir='ltr'><strong>episcopi</strong></span> <span class='ocrx_word' id='word_1_619' title='bbox 889 5505 925 5559; x_wconf 88' lang='lat' dir='ltr'><strong>ad</strong></span> <span class='ocrx_word' id='word_1_620' title='bbox 949 5556 952 5561; x_wconf 85' lang='lat'>.</span> 
     </span>
     <span class='ocr_line' id='line_1_83' title="bbox 134 5573 925 5646; baseline -0.001 -16"><span class='ocrx_word' id='word_1_621' title='bbox 134 5575 258 5630; x_wconf 79' lang='lat' dir='ltr'><strong>cintatem</strong></span> <span class='ocrx_word' id='word_1_622' title='bbox 272 5573 495 5646; x_wconf 82' lang='lat' dir='ltr'><strong>atclrcpoiitonom</strong></span> <span class='ocrx_word' id='word_1_623' title='bbox 515 5575 648 5627; x_wconf 84' lang='lat' dir='ltr'><strong>conuenire</strong></span> <span class='ocrx_word' id='word_1_624' title='bbox 666 5573 797 5639; x_wconf 84' lang='lat' dir='ltr'><strong>debebant,</strong></span> <span class='ocrx_word' id='word_1_625' title='bbox 821 5585 849 5628; x_wconf 89' lang='grc' dir='ltr'><strong>ιιι</strong></span> <span class='ocrx_word' id='word_1_626' title='bbox 870 5592 925 5629; x_wconf 92' lang='lat' dir='ltr'><strong>om·</strong></span> 
     </span>
     <span class='ocr_line' id='line_1_84' title="bbox 134 5645 925 5717; baseline 0.004 -18"><span class='ocrx_word' id='word_1_627' title='bbox 134 5645 207 5699; x_wconf 75' lang='lat' dir='ltr'><strong>niam</strong></span> <span class='ocrx_word' id='word_1_628' title='bbox 231 5646 286 5717; x_wconf 77' lang='grc'><strong>76</strong></span> <span class='ocrx_word' id='word_1_629' title='bbox 309 5646 460 5701; x_wconf 81' lang='lat' dir='ltr'><strong>clericorum</strong></span> <span class='ocrx_word' id='word_1_630' title='bbox 485 5653 561 5714; x_wconf 88' lang='lat' dir='ltr'><strong>atque</strong></span> <span class='ocrx_word' id='word_1_631' title='bbox 585 5646 695 5700; x_wconf 84' lang='lat' dir='ltr'><strong>anartium</strong></span> <span class='ocrx_word' id='word_1_632' title='bbox 722 5645 814 5699; x_wconf 85' lang='lat' dir='ltr'><strong>cisium</strong></span> <span class='ocrx_word' id='word_1_633' title='bbox 835 5649 925 5702; x_wconf 79' lang='lat' dir='ltr'><strong>uoluen-</strong></span> 
     </span>
     <span class='ocr_line' id='line_1_85' title="bbox 135 5713 925 5787; baseline 0.001 -15"><span class='ocrx_word' id='word_1_634' title='bbox 135 5723 188 5772; x_wconf 84' lang='lat' dir='ltr'><strong>tete</strong></span> <span class='ocrx_word' id='word_1_635' title='bbox 198 5715 324 5787; x_wconf 76' lang='lat' dir='ltr'><strong>discussa,</strong></span> <span class='ocrx_word' id='word_1_636' title='bbox 338 5733 370 5773; x_wconf 76' lang='lat' dir='ltr'><strong>aa</strong></span> <span class='ocrx_word' id='word_1_637' title='bbox 384 5715 535 5787; x_wconf 76' lang='lat' dir='ltr'><strong>presbyteris</strong></span> <span class='ocrx_word' id='word_1_638' title='bbox 543 5716 599 5786; x_wconf 80' lang='lat' dir='ltr'><strong>ejus</strong></span> <span class='ocrx_word' id='word_1_639' title='bbox 611 5713 740 5786; x_wconf 74' lang='lat' dir='ltr'><strong>Ecclesia,</strong></span> <span class='ocrx_word' id='word_1_640' title='bbox 752 5717 791 5773; x_wconf 84' lang='lat' dir='ltr'><strong>aei</strong></span> <span class='ocrx_word' id='word_1_641' title='bbox 801 5718 925 5782; x_wconf 82' lang='lat' dir='ltr'><strong>diaconus</strong></span> 
     </span>
     <span class='ocr_line' id='line_1_86' title="bbox 136 5785 923 5862; baseline 0.009 -20"><span class='ocrx_word' id='word_1_642' title='bbox 136 5785 247 5858; x_wconf 74' lang='grc' dir='ltr'>ιριίιιιιιι</span> <span class='ocrx_word' id='word_1_643' title='bbox 269 5788 387 5861; x_wconf 82' lang='lat' dir='ltr'><strong>stipatur.</strong></span> <span class='ocrx_word' id='word_1_644' title='bbox 411 5788 549 5848; x_wconf 74' lang='lat' dir='ltr'><strong>fecissent</strong></span> <span class='ocrx_word' id='word_1_645' title='bbox 566 5802 631 5862; x_wconf 78' lang='lat' dir='ltr'><strong>ergo</strong></span> <span class='ocrx_word' id='word_1_646' title='bbox 646 5788 819 5860; x_wconf 80' lang='lat' dir='ltr'><strong>biturigese&#39;t</strong></span> <span class='ocrx_word' id='word_1_647' title='bbox 834 5798 923 5849; x_wconf 81' lang='lat' dir='ltr'><strong>vetera</strong></span> 
     </span>
    </p>
   </div>
   <div class='ocr_carea' id='block_1_13' title="bbox 983 3448 1808 4067">
    <p class='ocr_par' dir='ltr' id='par_1_17' title="bbox 983 3448 1808 4067">
     <span class='ocr_line' id='line_1_87' title="bbox 984 3448 1785 3521; baseline 0.006 -18"><span class='ocrx_word' id='word_1_648' title='bbox 984 3451 1049 3505; x_wconf 88' lang='lat' dir='ltr'><strong>tales</strong></span> <span class='ocrx_word' id='word_1_649' title='bbox 1063 3449 1254 3504; x_wconf 89' lang='lat' dir='ltr'><strong>intercessione</strong></span> <span class='ocrx_word' id='word_1_650' title='bbox 1270 3448 1387 3515; x_wconf 82' lang='lat' dir='ltr'><strong>laciatis3</strong></span> <span class='ocrx_word' id='word_1_651' title='bbox 1398 3457 1477 3520; x_wconf 91' lang='lat' dir='ltr'><strong>atque</strong></span> <span class='ocrx_word' id='word_1_652' title='bbox 1487 3449 1633 3521; x_wconf 85' lang='lat' dir='ltr'><strong>dignemini</strong></span> <span class='ocrx_word' id='word_1_653' title='bbox 1644 3450 1785 3508; x_wconf 88' lang='lat' dir='ltr'><strong>bumilita-</strong></span> 
     </span>
     <span class='ocr_line' id='line_1_88' title="bbox 983 3524 1785 3616; baseline 0.009 -21"><span class='ocrx_word' id='word_1_654' title='bbox 983 3550 1036 3597; x_wconf 88' lang='lat' dir='ltr'><strong>tem</strong></span> <span class='ocrx_word' id='word_1_655' title='bbox 1048 3550 1166 3595; x_wconf 88' lang='lat' dir='ltr'><strong>nostram</strong></span> <span class='ocrx_word' id='word_1_656' title='bbox 1178 3540 1343 3596; x_wconf 90' lang='lat' dir='ltr'><strong>orationibus</strong></span> <span class='ocrx_word' id='word_1_657' title='bbox 1355 3542 1441 3611; x_wconf 88' lang='lat' dir='ltr'><strong>potius</strong></span> <span class='ocrx_word' id='word_1_658' title='bbox 1451 3542 1477 3595; x_wconf 93' lang='lat' dir='ltr'><strong>in</strong></span> <span class='ocrx_word' id='word_1_659' title='bbox 1488 3542 1585 3598; x_wconf 81' lang='lat' dir='ltr'><strong>coelum</strong></span> <span class='ocrx_word' id='word_1_660' title='bbox 1597 3541 1668 3598; x_wconf 87' lang='lat' dir='ltr'><strong>ierrs</strong></span> <span class='ocrx_word' id='word_1_661' title='bbox 1680 3524 1785 3616; x_wconf 72' lang='lat' dir='ltr'><strong>‘quant</strong></span> 
     </span>
     <span class='ocr_line' id='line_1_89' title="bbox 984 3632 1786 3707; baseline 0.007 -20"><span class='ocrx_word' id='word_1_662' title='bbox 984 3633 1129 3704; x_wconf 86' lang='lat' dir='ltr'><strong>plausibus.</strong></span> <span class='ocrx_word' id='word_1_663' title='bbox 1146 3632 1264 3687; x_wconf 85' lang='lat' dir='ltr'><strong>Primum</strong></span> <span class='ocrx_word' id='word_1_664' title='bbox 1279 3641 1367 3687; x_wconf 90' lang='lat' dir='ltr'><strong>tamen</strong></span> <span class='ocrx_word' id='word_1_665' title='bbox 1383 3647 1462 3689; x_wconf 86' lang='lat' dir='ltr'><strong>nosse</strong></span> <span class='ocrx_word' id='word_1_666' title='bbox 1475 3647 1522 3689; x_wconf 88' lang='lat' dir='ltr'><strong>vos</strong></span> <span class='ocrx_word' id='word_1_667' title='bbox 1540 3648 1588 3705; x_wconf 90' lang='lat' dir='ltr'><strong>par</strong></span> <span class='ocrx_word' id='word_1_668' title='bbox 1601 3644 1651 3701; x_wconf 86' lang='lat' dir='ltr'><strong>cst,</strong></span> <span class='ocrx_word' id='word_1_669' title='bbox 1666 3636 1694 3691; x_wconf 94' lang='lat' dir='ltr'><strong>in</strong></span> <span class='ocrx_word' id='word_1_670' title='bbox 1714 3652 1786 3707; x_wconf 91' lang='lat' dir='ltr'><strong>quas</strong></span> 
     </span>
     <span class='ocr_line' id='line_1_90' title="bbox 986 3723 1785 3799; baseline 0.009 -20"><span class='ocrx_word' id='word_1_671' title='bbox 986 3741 1029 3781; x_wconf 83' lang='lat' dir='ltr'><strong>inc</strong></span> <span class='ocrx_word' id='word_1_672' title='bbox 1042 3723 1229 3795; x_wconf 89' lang='lat' dir='ltr'><strong>obloquiorum</strong></span> <span class='ocrx_word' id='word_1_673' title='bbox 1250 3725 1359 3796; x_wconf 81' lang='lat' dir='ltr'><strong>scyllas,</strong></span> <span class='ocrx_word' id='word_1_674' title='bbox 1372 3735 1400 3780; x_wconf 90' lang='lat' dir='ltr'><strong>et</strong></span> <span class='ocrx_word' id='word_1_675' title='bbox 1415 3726 1441 3780; x_wconf 94' lang='lat' dir='ltr'><strong>in</strong></span> <span class='ocrx_word' id='word_1_676' title='bbox 1456 3741 1524 3796; x_wconf 90' lang='lat' dir='ltr'><strong>quus</strong></span> <span class='ocrx_word' id='word_1_677' title='bbox 1547 3727 1709 3799; x_wconf 88' lang='lat' dir='ltr'><strong>linguarum,</strong></span> <span class='ocrx_word' id='word_1_678' title='bbox 1734 3731 1785 3787; x_wconf 90' lang='lat' dir='ltr'><strong>sed</strong></span> 
     </span>
     <span class='ocr_line' id='line_1_91' title="bbox 984 3816 1786 3888; baseline 0.011 -15"><span class='ocrx_word' id='word_1_679' title='bbox 984 3816 1161 3873; x_wconf 88' lang='lat' dir='ltr'><strong>irumanarurn</strong></span> <span class='ocrx_word' id='word_1_680' title='bbox 1185 3819 1297 3873; x_wconf 88' lang='lat' dir='ltr'><strong>latratus</strong></span> <span class='ocrx_word' id='word_1_681' title='bbox 1321 3818 1499 3888; x_wconf 88' lang='lat' dir='ltr'><strong>quorumdam</strong></span> <span class='ocrx_word' id='word_1_682' title='bbox 1522 3835 1571 3876; x_wconf 83' lang='lat' dir='ltr'><strong>ros</strong></span> <span class='ocrx_word' id='word_1_683' title='bbox 1590 3822 1786 3882; x_wconf 88' lang='lat' dir='ltr'><strong>inlamareco-</strong></span> 
     </span>
     <span class='ocr_line' id='line_1_92' title="bbox 984 3909 1808 3985; baseline 0.002 -19"><span class='ocrx_word' id='word_1_684' title='bbox 984 3919 1094 3966; x_wconf 88' lang='lat' dir='ltr'><strong>nantum</strong></span> <span class='ocrx_word' id='word_1_685' title='bbox 1110 3911 1188 3965; x_wconf 92' lang='lat' dir='ltr'><strong>turbo</strong></span> <span class='ocrx_word' id='word_1_686' title='bbox 1201 3909 1357 3979; x_wconf 85' lang='lat' dir='ltr'><strong>conjecerit.</strong></span> <span class='ocrx_word' id='word_1_687' title='bbox 1373 3911 1420 3965; x_wconf 83' lang='lat' dir='ltr'><strong>Est</strong></span> <span class='ocrx_word' id='word_1_688' title='bbox 1436 3910 1508 3966; x_wconf 88' lang='lat' dir='ltr'><strong>enirn</strong></span> <span class='ocrx_word' id='word_1_689' title='bbox 1531 3911 1589 3968; x_wconf 76' lang='lat' dir='ltr'><strong>bac</strong></span> <span class='ocrx_word' id='word_1_690' title='bbox 1603 3915 1728 3985; x_wconf 78' lang='lat' dir='ltr'><strong>quadam</strong></span> <span class='ocrx_word' id='word_1_691' title='bbox 1742 3917 1808 3975; x_wconf 77' lang='lat' dir='ltr'><strong>ris,</strong></span> 
     </span>
     <span class='ocr_line' id='line_1_93' title="bbox 984 3995 1786 4067; baseline 0.011 -10"><span class='ocrx_word' id='word_1_692' title='bbox 984 4002 1063 4058; x_wconf 85' lang='lat' dir='ltr'><strong>anulis</strong></span> <span class='ocrx_word' id='word_1_693' title='bbox 1076 4001 1206 4067; x_wconf 85' lang='lat' dir='ltr'><strong>moribus,</strong></span> <span class='ocrx_word' id='word_1_694' title='bbox 1224 4010 1252 4055; x_wconf 92' lang='lat' dir='ltr'><strong>ut</strong></span> <span class='ocrx_word' id='word_1_695' title='bbox 1266 3995 1446 4058; x_wconf 81' lang='lat' dir='ltr'><strong>innocentiam</strong></span> <span class='ocrx_word' id='word_1_696' title='bbox 1467 4004 1646 4063; x_wconf 89' lang='lat' dir='ltr'><strong>multitudinis</strong></span> <span class='ocrx_word' id='word_1_697' title='bbox 1659 4007 1786 4066; x_wconf 86' lang='lat' dir='ltr'><strong>devenu-</strong></span> 
     </span>
    </p>
   </div>
   <div class='ocr_carea' id='block_1_14' title="bbox 976 4159 1813 5725">
    <p class='ocr_par' dir='ltr' id='par_1_18' title="bbox 976 4159 1787 4654">
     <span class='ocr_line' id='line_1_94' title="bbox 977 4159 1786 4228; baseline 0.011 -14"><span class='ocrx_word' id='word_1_698' title='bbox 977 4161 1110 4215; x_wconf 88' lang='lat' dir='ltr'><strong>insntnto.</strong></span> <span class='ocrx_word' id='word_1_699' title='bbox 1129 4159 1183 4216; x_wconf 90' lang='lat' dir='ltr'><strong>Sed</strong></span> <span class='ocrx_word' id='word_1_700' title='bbox 1197 4159 1405 4228; x_wconf 81' lang='lat' dir='ltr'><strong>provincialibus</strong></span> <span class='ocrx_word' id='word_1_701' title='bbox 1417 4161 1450 4215; x_wconf 91' lang='lat' dir='ltr'><strong>ab</strong></span> <span class='ocrx_word' id='word_1_702' title='bbox 1466 4159 1566 4216; x_wconf 85' lang='lat' dir='ltr'><strong>Eurico</strong></span> <span class='ocrx_word' id='word_1_703' title='bbox 1578 4161 1702 4228; x_wconf 90' lang='lat' dir='ltr'><strong>sublatis,</strong></span> <span class='ocrx_word' id='word_1_704' title='bbox 1715 4163 1786 4222; x_wconf 84' lang='lat' dir='ltr'><strong>rici·</strong></span> 
     </span>
     <span class='ocr_line' id='line_1_95' title="bbox 977 4230 1787 4304; baseline 0.01 -19"><span class='ocrx_word' id='word_1_705' title='bbox 977 4248 1070 4286; x_wconf 85' lang='lat' dir='ltr'><strong>parurn</strong></span> <span class='ocrx_word' id='word_1_706' title='bbox 1098 4230 1297 4302; x_wconf 86' lang='lat' dir='ltr'><strong>provinciarum</strong></span> <span class='ocrx_word' id='word_1_707' title='bbox 1323 4230 1453 4286; x_wconf 77' lang='lat' dir='ltr'><strong>evocandi</strong></span> <span class='ocrx_word' id='word_1_708' title='bbox 1475 4231 1582 4287; x_wconf 86' lang='lat' dir='ltr'><strong>luerunt</strong></span> <span class='ocrx_word' id='word_1_709' title='bbox 1599 4234 1718 4304; x_wconf 90' lang='lat' dir='ltr'><strong>episcopi</strong></span> <span class='ocrx_word' id='word_1_710' title='bbox 1734 4253 1741 4289; x_wconf 77' lang='grc' dir='ltr'><strong><em>ε</em></strong></span> <span class='ocrx_word' id='word_1_711' title='bbox 1757 4247 1787 4295; x_wconf 87' lang='lat' dir='ltr'><strong>at</strong></span> 
     </span>
     <span class='ocr_line' id='line_1_96' title="bbox 977 4301 1786 4371; baseline 0.01 -14"><span class='ocrx_word' id='word_1_712' title='bbox 977 4303 1103 4371; x_wconf 88' lang='lat' dir='ltr'><strong>populus,</strong></span> <span class='ocrx_word' id='word_1_713' title='bbox 1115 4315 1176 4356; x_wconf 91' lang='lat' dir='ltr'><strong>cum</strong></span> <span class='ocrx_word' id='word_1_714' title='bbox 1189 4316 1204 4356; x_wconf 88' lang='lat' dir='ltr'><strong>e</strong></span> <span class='ocrx_word' id='word_1_715' title='bbox 1216 4315 1312 4369; x_wconf 89' lang='lat' dir='ltr'><strong>magno</strong></span> <span class='ocrx_word' id='word_1_716' title='bbox 1325 4301 1527 4356; x_wconf 90' lang='lat' dir='ltr'><strong>candidatorum</strong></span> <span class='ocrx_word' id='word_1_717' title='bbox 1541 4318 1653 4359; x_wconf 90' lang='lat' dir='ltr'><strong>numero</strong></span> <span class='ocrx_word' id='word_1_718' title='bbox 1664 4305 1786 4365; x_wconf 83' lang='lat' dir='ltr'><strong>incertus</strong></span> 
     </span>
     <span class='ocr_line' id='line_1_97' title="bbox 976 4373 1785 4446; baseline 0.01 -19"><span class='ocrx_word' id='word_1_719' title='bbox 976 4385 1049 4429; x_wconf 89' lang='lat' dir='ltr'><strong>esset</strong></span> <span class='ocrx_word' id='word_1_720' title='bbox 1060 4387 1138 4443; x_wconf 77' lang='lat' dir='ltr'><strong>quem</strong></span> <span class='ocrx_word' id='word_1_721' title='bbox 1156 4381 1304 4439; x_wconf 80' lang='lat' dir='ltr'><strong>expeteret,</strong></span> <span class='ocrx_word' id='word_1_722' title='bbox 1321 4373 1456 4427; x_wconf 87' lang='lat' dir='ltr'><strong>coanmuoi</strong></span> <span class='ocrx_word' id='word_1_723' title='bbox 1470 4373 1579 4429; x_wconf 86' lang='lat' dir='ltr'><strong>decreto</strong></span> <span class='ocrx_word' id='word_1_724' title='bbox 1594 4374 1720 4446; x_wconf 79' lang='lat' dir='ltr'><strong>sutfragia</strong></span> <span class='ocrx_word' id='word_1_725' title='bbox 1734 4392 1785 4434; x_wconf 87' lang='lat' dir='ltr'><strong>sua</strong></span> 
     </span>
     <span class='ocr_line' id='line_1_98' title="bbox 976 4442 1786 4514; baseline 0.007 -16"><span class='ocrx_word' id='word_1_726' title='bbox 976 4442 1002 4498; x_wconf 90' lang='lat' dir='ltr'><strong>in</strong></span> <span class='ocrx_word' id='word_1_727' title='bbox 1014 4445 1092 4499; x_wconf 81' lang='lat' dir='ltr'><strong>utrius</strong></span> <span class='ocrx_word' id='word_1_728' title='bbox 1104 4442 1207 4499; x_wconf 88' lang='lat' dir='ltr'><strong>Sidonii</strong></span> <span class='ocrx_word' id='word_1_729' title='bbox 1229 4446 1408 4498; x_wconf 76' lang='lat' dir='ltr'><strong>Aruernorum</strong></span> <span class='ocrx_word' id='word_1_730' title='bbox 1420 4443 1538 4514; x_wconf 90' lang='lat' dir='ltr'><strong>episcopi</strong></span> <span class='ocrx_word' id='word_1_731' title='bbox 1552 4446 1663 4501; x_wconf 90' lang='lat' dir='ltr'><strong>arbitrio</strong></span> <span class='ocrx_word' id='word_1_732' title='bbox 1681 4458 1712 4503; x_wconf 90' lang='lat' dir='ltr'><strong>et</strong></span> <span class='ocrx_word' id='word_1_733' title='bbox 1732 4463 1786 4504; x_wconf 82' lang='lat' dir='ltr'><strong>ro·</strong></span> 
     </span>
     <span class='ocr_line' id='line_1_99' title="bbox 976 4513 1787 4640; baseline 0.012 -72"><span class='ocrx_word' id='word_1_734' title='bbox 976 4513 1241 4640; x_wconf 50' lang='lat' dir='ltr'><strong>bulnmpdcfnmm</strong></span> <span class='ocrx_word' id='word_1_735' title='bbox 1260 4513 1386 4570; x_wconf 87' lang='lat' dir='ltr'><strong>Sidonius</strong></span> <span class='ocrx_word' id='word_1_736' title='bbox 1398 4514 1564 4585; x_wconf 80' lang='lat' dir='ltr'><strong>Simp&#39;u&#39;cium</strong></span> <span class='ocrx_word' id='word_1_737' title='bbox 1575 4516 1662 4573; x_wconf 84' lang='lat' dir='ltr'><strong>tirum</strong></span> <span class='ocrx_word' id='word_1_738' title='bbox 1677 4530 1787 4590; x_wconf 85' lang='lat' dir='ltr'><strong>specta·</strong></span> 
     </span>
     <span class='ocr_line' id='line_1_100' title="bbox 995 4586 1181 4654; baseline -0.005 -15"><span class='ocrx_word' id='word_1_739' title='bbox 995 4586 1055 4642; x_wconf 87' lang='lat' dir='ltr'><strong>leur</strong></span> <span class='ocrx_word' id='word_1_740' title='bbox 1091 4587 1181 4654; x_wconf 85' lang='lat' dir='ltr'><strong>aegit.</strong></span> 
     </span>
    </p>

    <p class='ocr_par' dir='ltr' id='par_1_19' title="bbox 983 4654 1787 5080">
     <span class='ocr_line' id='line_1_101' title="bbox 988 4654 1783 4727; baseline 0.008 -16"><span class='ocrx_word' id='word_1_741' title='bbox 988 4669 991 4672; x_wconf 77' lang='grc'><strong>’</strong></span> <span class='ocrx_word' id='word_1_742' title='bbox 1018 4654 1173 4727; x_wconf 75' lang='lat' dir='ltr'><strong>lagroecio</strong></span> <span class='ocrx_word' id='word_1_743' title='bbox 1194 4655 1360 4722; x_wconf 83' lang='lat' dir='ltr'><strong>senonensi,</strong></span> <span class='ocrx_word' id='word_1_744' title='bbox 1380 4670 1458 4724; x_wconf 89' lang='lat' dir='ltr'><strong>quem</strong></span> <span class='ocrx_word' id='word_1_745' title='bbox 1482 4658 1561 4724; x_wconf 90' lang='lat' dir='ltr'><strong>epist.</strong></span> <span class='ocrx_word' id='word_1_746' title='bbox 1582 4657 1615 4722; x_wconf 82' lang='lat'><strong>5,</strong></span> <span class='ocrx_word' id='word_1_747' title='bbox 1638 4659 1783 4722; x_wconf 80' lang='lat' dir='ltr'><strong>incitarat,</strong></span> 
     </span>
     <span class='ocr_line' id='line_1_102' title="bbox 983 4727 1785 4796; baseline 0.007 -14"><span class='ocrx_word' id='word_1_748' title='bbox 983 4728 1079 4783; x_wconf 74' lang='lat' dir='ltr'><strong>(loram</strong></span> <span class='ocrx_word' id='word_1_749' title='bbox 1095 4727 1146 4781; x_wconf 94' lang='lat' dir='ltr'><strong>boc</strong></span> <span class='ocrx_word' id='word_1_750' title='bbox 1159 4742 1223 4794; x_wconf 83' lang='lat' dir='ltr'><strong>ergo</strong></span> <span class='ocrx_word' id='word_1_751' title='bbox 1236 4727 1443 4796; x_wconf 91' lang='lat' dir='ltr'><strong>metropolitano</strong></span> <span class='ocrx_word' id='word_1_752' title='bbox 1455 4727 1536 4784; x_wconf 87' lang='lat' dir='ltr'><strong>rerba</strong></span> <span class='ocrx_word' id='word_1_753' title='bbox 1549 4728 1667 4784; x_wconf 84' lang='lat' dir='ltr'><strong>tacturus</strong></span> <span class='ocrx_word' id='word_1_754' title='bbox 1677 4734 1785 4789; x_wconf 89' lang='lat' dir='ltr'><strong>eratde</strong></span> 
     </span>
     <span class='ocr_line' id='line_1_103' title="bbox 983 4796 1787 4870; baseline 0.007 -17"><span class='ocrx_word' id='word_1_755' title='bbox 983 4797 1181 4867; x_wconf 89' lang='lat' dir='ltr'><strong>metropolitani</strong></span> <span class='ocrx_word' id='word_1_756' title='bbox 1195 4796 1367 4852; x_wconf 86' lang='lat' dir='ltr'><strong>bituricensis</strong></span> <span class='ocrx_word' id='word_1_757' title='bbox 1385 4797 1529 4866; x_wconf 87' lang='lat' dir='ltr'><strong>electione,</strong></span> <span class='ocrx_word' id='word_1_758' title='bbox 1552 4799 1609 4868; x_wconf 92' lang='lat' dir='ltr'><strong>ipse</strong></span> <span class='ocrx_word' id='word_1_759' title='bbox 1629 4803 1787 4870; x_wconf 81' lang='lat' dir='ltr'><strong>provincia·</strong></span> 
     </span>
     <span class='ocr_line' id='line_1_104' title="bbox 983 4868 1784 4941; baseline 0.005 -17"><span class='ocrx_word' id='word_1_760' title='bbox 983 4869 1017 4924; x_wconf 88' lang='lat' dir='ltr'><strong>lis</strong></span> <span class='ocrx_word' id='word_1_761' title='bbox 1032 4879 1133 4924; x_wconf 91' lang='lat' dir='ltr'><strong>tantum</strong></span> <span class='ocrx_word' id='word_1_762' title='bbox 1153 4868 1297 4937; x_wconf 88' lang='lat' dir='ltr'><strong>episcopus</strong></span> <span class='ocrx_word' id='word_1_763' title='bbox 1313 4883 1320 4922; x_wconf 93' lang='lat'><strong>:</strong></span> <span class='ocrx_word' id='word_1_764' title='bbox 1336 4883 1487 4938; x_wconf 83' lang='lat' dir='ltr'><strong>quanquam</strong></span> <span class='ocrx_word' id='word_1_765' title='bbox 1513 4871 1582 4925; x_wconf 92' lang='lat' dir='ltr'><strong>inter</strong></span> <span class='ocrx_word' id='word_1_766' title='bbox 1606 4874 1784 4941; x_wconf 74' lang='lat' dir='ltr'><strong>comprovin-</strong></span> 
     </span>
     <span class='ocr_line' id='line_1_105' title="bbox 983 4939 1784 5012; baseline 0.007 -17"><span class='ocrx_word' id='word_1_767' title='bbox 983 4939 1224 5007; x_wconf 79' lang='lat' dir='ltr'><strong>cialesaquitanta</strong></span> <span class='ocrx_word' id='word_1_768' title='bbox 1239 4939 1332 5009; x_wconf 82' lang='lat' dir='ltr'><strong>prirrraa</strong></span> <span class='ocrx_word' id='word_1_769' title='bbox 1353 4940 1494 5010; x_wconf 90' lang='lat' dir='ltr'><strong>episcopos</strong></span> <span class='ocrx_word' id='word_1_770' title='bbox 1518 4941 1666 5012; x_wconf 89' lang='lat' dir='ltr'><strong>principem</strong></span> <span class='ocrx_word' id='word_1_771' title='bbox 1691 4943 1784 5000; x_wconf 89' lang='lat' dir='ltr'><strong>locum</strong></span> 
     </span>
     <span class='ocr_line' id='line_1_106' title="bbox 984 5008 1451 5080; baseline -0.009 -14"><span class='ocrx_word' id='word_1_772' title='bbox 984 5011 1088 5066; x_wconf 90' lang='lat' dir='ltr'><strong>obtinet</strong></span> <span class='ocrx_word' id='word_1_773' title='bbox 1102 5009 1245 5080; x_wconf 79' lang='lat' dir='ltr'><strong>episcopus</strong></span> <span class='ocrx_word' id='word_1_774' title='bbox 1257 5008 1451 5072; x_wconf 80' lang='lat' dir='ltr'><strong>hrrernorurn,</strong></span> 
     </span>
    </p>

    <p class='ocr_par' dir='ltr' id='par_1_20' title="bbox 979 5081 1813 5725">
     <span class='ocr_line' id='line_1_107' title="bbox 1018 5081 1786 5153; baseline 0.007 -17"><span class='ocrx_word' id='word_1_775' title='bbox 1018 5081 1205 5151; x_wconf 63' lang='lat' dir='ltr'><strong>‘Deprecatur</strong></span> <span class='ocrx_word' id='word_1_776' title='bbox 1215 5081 1320 5135; x_wconf 80' lang='lat' dir='ltr'><strong>inaurem</strong></span> <span class='ocrx_word' id='word_1_777' title='bbox 1335 5083 1520 5151; x_wconf 90' lang='lat' dir='ltr'><strong>plausum,qui</strong></span> <span class='ocrx_word' id='word_1_778' title='bbox 1534 5083 1660 5153; x_wconf 77' lang='lat' dir='ltr'><strong>frequens</strong></span> <span class='ocrx_word' id='word_1_779' title='bbox 1670 5083 1737 5140; x_wconf 89' lang='lat' dir='ltr'><strong>oiim</strong></span> <span class='ocrx_word' id='word_1_780' title='bbox 1748 5087 1786 5142; x_wconf 86' lang='lat' dir='ltr'><strong>ab</strong></span> 
     </span>
     <span class='ocr_line' id='line_1_108' title="bbox 981 5151 1786 5218; baseline 0.009 -12"><span class='ocrx_word' id='word_1_781' title='bbox 981 5153 1134 5207; x_wconf 88' lang='lat' dir='ltr'><strong>auditorum</strong></span> <span class='ocrx_word' id='word_1_782' title='bbox 1149 5167 1248 5208; x_wconf 90' lang='lat' dir='ltr'><strong>corona</strong></span> <span class='ocrx_word' id='word_1_783' title='bbox 1267 5151 1381 5209; x_wconf 81' lang='lat' dir='ltr'><strong>excitari</strong></span> <span class='ocrx_word' id='word_1_784' title='bbox 1400 5152 1516 5218; x_wconf 89' lang='lat' dir='ltr'><strong>solebat,</strong></span> <span class='ocrx_word' id='word_1_785' title='bbox 1540 5154 1621 5210; x_wconf 88' lang='lat' dir='ltr'><strong>etiam</strong></span> <span class='ocrx_word' id='word_1_786' title='bbox 1645 5155 1673 5208; x_wconf 89' lang='lat' dir='ltr'><strong>in</strong></span> <span class='ocrx_word' id='word_1_787' title='bbox 1697 5157 1786 5213; x_wconf 85' lang='lat' dir='ltr'><strong>sacris</strong></span> 
     </span>
     <span class='ocr_line' id='line_1_109' title="bbox 981 5220 1786 5301; baseline 0.009 -24"><span class='ocrx_word' id='word_1_788' title='bbox 981 5223 1168 5278; x_wconf 81' lang='lat' dir='ltr'><strong>caracionibus.</strong></span> <span class='ocrx_word' id='word_1_789' title='bbox 1183 5223 1221 5277; x_wconf 89' lang='lat' dir='ltr'><strong>lta</strong></span> <span class='ocrx_word' id='word_1_790' title='bbox 1237 5230 1263 5276; x_wconf 89' lang='lat' dir='ltr'><strong>et</strong></span> <span class='ocrx_word' id='word_1_791' title='bbox 1279 5220 1487 5294; x_wconf 76' lang='lat' dir='ltr'><strong>chrysostomus</strong></span> <span class='ocrx_word' id='word_1_792' title='bbox 1501 5224 1668 5301; x_wconf 77' lang='grc' dir='ltr'>ἰνδριὰντωι</span> <span class='ocrx_word' id='word_1_793' title='bbox 1688 5241 1734 5282; x_wconf 83' lang='lat' dir='ltr'><strong>ar:</strong></span> <span class='ocrx_word' id='word_1_794' title='bbox 1751 5230 1786 5284; x_wconf 78' lang='lat' dir='ltr'><strong>Ti</strong></span> 
     </span>
     <span class='ocr_line' id='line_1_110' title="bbox 980 5289 1807 5367; baseline 0.006 -17"><span class='ocrx_word' id='word_1_795' title='bbox 980 5316 1024 5366; x_wconf 85' lang='grc' dir='ltr'><strong>μοι</strong></span> <span class='ocrx_word' id='word_1_796' title='bbox 1034 5302 1084 5348; x_wconf 75' lang='grc' dir='ltr'><strong>τῶν</strong></span> <span class='ocrx_word' id='word_1_797' title='bbox 1099 5296 1195 5367; x_wconf 83' lang='grc' dir='ltr'>κρότων</span> <span class='ocrx_word' id='word_1_798' title='bbox 1210 5289 1296 5365; x_wconf 76' lang='grc' dir='ltr'>ὄφελος</span> <span class='ocrx_word' id='word_1_799' title='bbox 1307 5296 1424 5361; x_wconf 61' lang='lat' dir='ltr'><strong>cadram</strong></span> <span class='ocrx_word' id='word_1_800' title='bbox 1449 5298 1475 5352; x_wconf 85' lang='grc' dir='ltr'><strong>τί</strong></span> <span class='ocrx_word' id='word_1_801' title='bbox 1498 5295 1525 5353; x_wconf 72' lang='grc' dir='ltr'><strong>δι</strong></span> <span class='ocrx_word' id='word_1_802' title='bbox 1539 5304 1589 5353; x_wconf 83' lang='grc' dir='ltr'><strong>τῶν</strong></span> <span class='ocrx_word' id='word_1_803' title='bbox 1603 5298 1726 5360; x_wconf 68' lang='grc' dir='ltr'><strong>ἐπαίνων.</strong></span> <span class='ocrx_word' id='word_1_804' title='bbox 1738 5304 1784 5354; x_wconf 83' lang='lat' dir='ltr'><strong>arari</strong></span> <span class='ocrx_word' id='word_1_805' title='bbox 1804 5358 1807 5366; x_wconf 67' lang='grc'><em>,</em></span> 
     </span>
     <span class='ocr_line' id='line_1_111' title="bbox 980 5363 1812 5442; baseline 0.005 -22"><span class='ocrx_word' id='word_1_806' title='bbox 980 5373 1030 5420; x_wconf 80' lang='grc' dir='ltr'><strong>τῶν</strong></span> <span class='ocrx_word' id='word_1_807' title='bbox 1045 5366 1176 5438; x_wconf 66' lang='grc' dir='ltr'>θορύιῗωνς</span> <span class='ocrx_word' id='word_1_808' title='bbox 1189 5363 1290 5424; x_wconf 73' lang='grc' dir='ltr'>ἔπαινος</span> <span class='ocrx_word' id='word_1_809' title='bbox 1305 5365 1370 5436; x_wconf 85' lang='grc' dir='ltr'>ι’μιί,</span> <span class='ocrx_word' id='word_1_810' title='bbox 1386 5368 1415 5421; x_wconf 84' lang='grc' dir='ltr'><strong>τὸ</strong></span> <span class='ocrx_word' id='word_1_811' title='bbox 1430 5365 1472 5423; x_wconf 77' lang='grc' dir='ltr'><strong>διὰ</strong></span> <span class='ocrx_word' id='word_1_812' title='bbox 1486 5375 1536 5423; x_wconf 81' lang='grc' dir='ltr'><strong>τῶν</strong></span> <span class='ocrx_word' id='word_1_813' title='bbox 1547 5366 1627 5442; x_wconf 71' lang='grc' dir='ltr'><strong><em>ἔργων</em></strong></span> <span class='ocrx_word' id='word_1_814' title='bbox 1642 5370 1657 5423; x_wconf 83' lang='grc' dir='ltr'><strong>ὑ</strong></span> <span class='ocrx_word' id='word_1_815' title='bbox 1679 5373 1712 5430; x_wconf 80' lang='grc' dir='ltr'><strong>ᾶς</strong></span> <span class='ocrx_word' id='word_1_816' title='bbox 1723 5370 1784 5424; x_wconf 69' lang='grc' dir='ltr'>ἐπι·</span> <span class='ocrx_word' id='word_1_817' title='bbox 1803 5375 1812 5403; x_wconf 78' lang='lat'><strong>&#39;⁴</strong></span> 
     </span>
     <span class='ocr_line' id='line_1_112' title="bbox 980 5421 1813 5543; baseline 0.005 -52"><span class='ocrx_word' id='word_1_818' title='bbox 980 5433 1062 5500; x_wconf 71' lang='lat' dir='ltr'><strong>desim</strong></span> <span class='ocrx_word' id='word_1_819' title='bbox 1073 5438 1105 5490; x_wconf 82' lang='lat' dir='ltr'><strong>ari</strong></span> <span class='ocrx_word' id='word_1_820' title='bbox 1116 5437 1237 5509; x_wconf 73' lang='lat' dir='ltr'><strong>iapdpraa</strong></span> <span class='ocrx_word' id='word_1_821' title='bbox 1249 5436 1358 5496; x_wconf 76' lang='grc' dir='ltr'>πάντας.</span> <span class='ocrx_word' id='word_1_822' title='bbox 1376 5434 1440 5502; x_wconf 82' lang='lat' dir='ltr'><strong>Quia</strong></span> <span class='ocrx_word' id='word_1_823' title='bbox 1452 5438 1514 5492; x_wconf 86' lang='lat' dir='ltr'><strong>mihi</strong></span> <span class='ocrx_word' id='word_1_824' title='bbox 1530 5442 1628 5507; x_wconf 77' lang='lat' dir='ltr'><strong>[tactus</strong></span> <span class='ocrx_word' id='word_1_825' title='bbox 1640 5456 1657 5510; x_wconf 89' lang='lat' dir='ltr'><strong>p</strong></span> <span class='ocrx_word' id='word_1_826' title='bbox 1703 5455 1784 5495; x_wconf 78' lang='grc' dir='ltr'>ιιιιιιιι</span> <span class='ocrx_word' id='word_1_827' title='bbox 1802 5421 1813 5543; x_wconf 58' lang='grc' dir='ltr'>Ι</span> 
     </span>
     <span class='ocr_line' id='line_1_113' title="bbox 979 5502 1780 5582; baseline 0.006 -22"><span class='ocrx_word' id='word_1_828' title='bbox 979 5506 1086 5562; x_wconf 82' lang='lat' dir='ltr'><strong>istarum</strong></span> <span class='ocrx_word' id='word_1_829' title='bbox 1096 5507 1109 5560; x_wconf 83' lang='lat' dir='ltr'><strong>l</strong></span> <span class='ocrx_word' id='word_1_830' title='bbox 1119 5515 1163 5560; x_wconf 84' lang='lat' dir='ltr'><strong>ortt</strong></span> <span class='ocrx_word' id='word_1_831' title='bbox 1177 5506 1235 5577; x_wconf 83' lang='lat' dir='ltr'><strong>qais</strong></span> <span class='ocrx_word' id='word_1_832' title='bbox 1248 5502 1356 5559; x_wconf 79' lang='lat' dir='ltr'><strong>laudium</strong></span> <span class='ocrx_word' id='word_1_833' title='bbox 1369 5518 1393 5560; x_wconf 87' lang='lat' dir='ltr'><strong>et</strong></span> <span class='ocrx_word' id='word_1_834' title='bbox 1402 5507 1651 5578; x_wconf 75' lang='lat' dir='ltr'><strong>strepituumlbasa</strong></span> <span class='ocrx_word' id='word_1_835' title='bbox 1662 5525 1719 5565; x_wconf 80' lang='lat' dir='ltr'><strong>areu</strong></span> <span class='ocrx_word' id='word_1_836' title='bbox 1729 5520 1780 5582; x_wconf 83' lang='lat' dir='ltr'><strong>ert,</strong></span> 
     </span>
     <span class='ocr_line' id='line_1_114' title="bbox 979 5575 1783 5651; baseline 0.007 -20"><span class='ocrx_word' id='word_1_837' title='bbox 979 5586 1006 5631; x_wconf 87' lang='lat' dir='ltr'><strong>nt</strong></span> <span class='ocrx_word' id='word_1_838' title='bbox 1020 5594 1050 5633; x_wconf 87' lang='lat' dir='ltr'><strong>ea</strong></span> <span class='ocrx_word' id='word_1_839' title='bbox 1063 5592 1121 5648; x_wconf 78' lang='lat' dir='ltr'><strong>quta</strong></span> <span class='ocrx_word' id='word_1_840' title='bbox 1134 5577 1267 5643; x_wconf 85' lang='lat' dir='ltr'><strong>dicantur,</strong></span> <span class='ocrx_word' id='word_1_841' title='bbox 1284 5575 1357 5632; x_wconf 84' lang='lat' dir='ltr'><strong>rebus</strong></span> <span class='ocrx_word' id='word_1_842' title='bbox 1371 5577 1497 5650; x_wconf 74' lang='lat' dir='ltr'><strong>lactisque</strong></span> <span class='ocrx_word' id='word_1_843' title='bbox 1511 5580 1573 5651; x_wconf 83' lang='lat' dir='ltr'><strong>ipsis</strong></span> <span class='ocrx_word' id='word_1_844' title='bbox 1597 5596 1683 5636; x_wconf 83' lang='lat' dir='ltr'><strong>ornnes</strong></span> <span class='ocrx_word' id='word_1_845' title='bbox 1703 5579 1783 5636; x_wconf 75' lang='lat' dir='ltr'><strong>exhi·</strong></span> 
     </span>
     <span class='ocr_line' id='line_1_115' title="bbox 979 5647 1782 5725; baseline 0.01 -23"><span class='ocrx_word' id='word_1_846' title='bbox 979 5648 1069 5704; x_wconf 81' lang='lat' dir='ltr'><strong>beotia.</strong></span> <span class='ocrx_word' id='word_1_847' title='bbox 1081 5647 1165 5717; x_wconf 81' lang='lat' dir='ltr'><strong>Quem</strong></span> <span class='ocrx_word' id='word_1_848' title='bbox 1181 5661 1285 5703; x_wconf 91' lang='lat' dir='ltr'><strong>moram</strong></span> <span class='ocrx_word' id='word_1_849' title='bbox 1300 5647 1429 5705; x_wconf 85' lang='lat' dir='ltr'><strong>Bernardi</strong></span> <span class='ocrx_word' id='word_1_850' title='bbox 1444 5651 1525 5707; x_wconf 87' lang='lat' dir='ltr'><strong>etiam</strong></span> <span class='ocrx_word' id='word_1_851' title='bbox 1536 5651 1703 5723; x_wconf 78' lang='lat' dir='ltr'><strong>temporibus</strong></span> <span class='ocrx_word' id='word_1_852' title='bbox 1716 5666 1782 5725; x_wconf 87' lang='lat' dir='ltr'><strong>per·</strong></span> 
     </span>
    </p>
   </div>
   <div class='ocr_carea' id='block_1_15' title="bbox 978 5717 1597 5802">
    <p class='ocr_par' dir='ltr' id='par_1_21' title="bbox 978 5717 1597 5802">
     <span class='ocr_line' id='line_1_116' title="bbox 978 5717 1597 5802; baseline 0 -21"><span class='ocrx_word' id='word_1_853' title='bbox 978 5719 1090 5799; x_wconf 79' lang='lat' dir='ltr'><strong>durasse</strong></span> <span class='ocrx_word' id='word_1_854' title='bbox 1108 5717 1597 5802; x_wconf 78' lang='lat' dir='ltr'><strong>nonnulleejmltoruilicdeclarant.</strong></span> 
     </span>
    </p>
   </div>
   <div class='ocr_carea' id='block_1_16' title="bbox 0 0 1913 6244">
    <p class='ocr_par' dir='ltr' id='par_1_22' title="bbox 0 0 1913 6244">
     <span class='ocr_line' id='line_1_117' title="bbox 0 0 1913 6244; baseline 0 0"><span class='ocrx_word' id='word_1_855' title='bbox 0 0 1913 6244; x_wconf 95' lang='lat' dir='ltr'><strong> </strong></span> 
     </span>
    </p>
   </div>
  </div>
 </body>
</html>
