3810 6254
133 313 185 368 titis
590 308 633 365 nc
651 303 929 367 ccelesiismcts
949 303 1167 368 conutitutis
1186 310 1298 368 ttrite.
1710 316 1781 375 tto,
1858 295 1861 301 ⁴

133 437 192 476 erim
207 426 393 480 carmsmnrtc
409 417 534 474 liniuntur
545 429 571 474 et
586 420 747 485 moriuntur,
760 429 787 475 et
797 418 920 477 ideonec
935 418 959 477 tt
974 424 1071 494 adepto
1095 427 1190 482 salutm
1204 442 1326 493 munere,
1346 426 1534 485 sollicitudinis
1554 438 1652 485 nostrae
1665 430 1717 486 'est
1734 442 1763 489 et

134 512 237 567 ratinne
251 520 394 581 reguntur,
412 520 424 548 ¹
438 526 488 567 nec
507 511 615 579 virtrnt,
639 512 709 568 sicut
724 510 800 568 Plato
818 520 846 569 et
859 511 922 567 tlic-
974 513 1093 572 celestis
1105 518 1205 587 pariter
1217 518 1360 589 adjutorii3
1371 527 1401 575 ui
1415 519 1546 586 labamur,
1560 521 1701 591 potestatis
1715 535 1765 577 no·

133 603 261 663 sanderi
276 614 378 675 putant,
393 604 442 662 sed
464 605 498 661 ad
518 605 606 663 omnia
629 616 731 662 naturae
747 606 919 663 incitamenta
973 614 1037 662 stre
1048 615 1126 665 estet
1139 608 1251 680 ignavie
1263 620 1291 664 r:
1308 625 1361 666 non
1376 619 1465 667 tamen
1475 611 1509 667 ad
1519 612 1692 669 obtinentiam
1706 614 1765 671 sine

132 697 274 755 ducuntur.
975 698 1032 765 iilo,
1045 701 1091 771 qui
1116 689 1267 772 quaerentes
1292 702 1354 759 iacit
1376 703 1514 771 invenire,
1538 704 1583 776 nui
1597 704 1765 775 pulsantibus

409 789 522 850 cerui
541 789 634 847 ittttt.
972 790 1074 861 aperit,
1097 792 1142 861 oui
1166 792 1319 862 petentibus
1332 792 1416 849 donat
1437 792 1546 864 (detti.
1566 793 1766 865 minstret

169 886 263 942 Anima
287 887 401 941 numana
429 900 481 940 nott
506 900 567 941 curn
581 899 663 942 carne
689 884 813 952 moritur,
833 895 845 924 ⁶
860 872 921 956 quia
972 895 1037 953 crgo
1057 881 1164 938 initiunt
1180 883 1275 939 salutis
1290 892 1390 940 nostre
1404 884 1460 941 lieo
1474 885 1620 942 miserante
1633 892 1660 942 et
1681 885 1764 957 inspi-

93 980 101 999 “
132 993 185 1035 non
201 980 377 1046 cumfcarne,
399 985 428 1032 ot
443 979 567 1048 superius
587 973 741 1041 dirinrus‚‘¹
758 978 920 1044 seminatur;
973 981 1050 1029 rante
1072 973 1172 1030 babere
1197 987 1247 1030 nos
1269 973 1421 1045 credimus,
1446 976 1482 1032 ita
1500 976 1639 1047 arbitrium
1663 989 1763 1033 nostrat

131 1070 178 1126 sed
195 1067 308 1126 ldnnato
332 1068 359 1124 in
383 1077 476 1125 uentre
496 1069 588 1124 matris
607 1083 732 1139 corpure,
754 1068 800 1124 Dei
819 1068 921 1138 iudicio
972 1073 1076 1121 natare
1089 1079 1189 1138 sequax
1203 1066 1374 1125 'essedininae
1388 1067 1570 1140 inspirationis
1584 1068 1667 1125 libere
1676 1069 1762 1126 conil-

131 1159 237 1238 meatur
249 1170 276 1215 et
291 1157 450 1223 infunditur,
474 1167 503 1215 ut
517 1159 588 1214 viras
610 1157 690 1215 bomo
704 1159 776 1216 intus
791 1159 817 1215 in
832 1168 919 1224 utero,
972 1163 1064 1214 tentor
1606 1214 1610 1222 ,

131 1265 158 1313 ct
168 1257 207 1312 sic
223 1255 346 1326 procedat
362 1253 542 1310 nativitatem
558 1253 696 1308 rnundnm.
1009 1259 1024 1301 t
1038 1249 1165 1322 igitur'ut
1178 1265 1232 1308 non
1245 1251 1366 1310 labantur
1379 1267 1396 1308 a
1416 1252 1488 1310 bono
1509 1251 1553 1309 sel
1576 1248 1696 1317 naturae,
1717 1251 1761 1307 rei

418 1342 532 1400 catut
557 1342 625 1398 iiiii.
971 1341 1072 1409 meriti,
1094 1342 1284 1400 sollicitudinis
1298 1353 1402 1414 nostra,
1418 1353 1459 1401 est
1477 1350 1507 1400 et
1523 1341 1641 1400 celestis
1661 1341 1762 1413 pariter

166 1435 274 1493 Duabus
287 1434 444 1492 substantiis
458 1442 559 1489 tantum
573 1440 677 1488 constat
688 1431 779 1500 Ιιοιιιο,
790 1432 879 1490 anima
893 1426 921 1490 et
972 1432 1097 1504 adjutorii
1109 1451 1117 1502 ;
1129 1444 1163 1512 ut
1176 1437 1307 1502 labamur,
1321 1436 1462 1508 potcstatis
1471 1444 1571 1493 nostre
1584 1443 1612 1494 et
1624 1435 1747 1507 ignavie.

133 1538 283 1597 ·cnrporc.
303 1527 399 1583 Anima
415 1540 475 1582 curn
499 1525 603 1580 ratione
616 1528 665 1598 11
677 1540 743 1593 sua,
759 1533 787 1580 ct
805 1539 921 1597 corporo
1225 1529 1275 1602 13
1293 1528 1407 1586 cneus
1429 1528 1513 1586 ittttt.

131 1634 190 1675 cam
203 1617 327 1674 sensibus
337 1617 394 1672 suis
411 1614 433 1669 ¹.
447 1616 520 1684 Qtros
534 1625 622 1671 tamen
638 1629 733 1671 sensus
746 1615 847 1686 absque
858 1615 920 1671 ani·
1008 1615 1175 1674 Firmissime
1187 1618 1350 1676 credundum
1364 1629 1407 1677 est
1423 1620 1449 1676 in
1458 1618 1684 1691 ‘praevaricatione
1695 1616 1761 1675 Atlas

131 1723 182 1766 mre
200 1709 330 1765 societate
356 1723 409 1763 non
427 1716 544 1763 moreto
565 1721 674 1778 corpus.
699 1707 796 1764 iluima
812 1722 876 1764 sero
892 1717 921 1765 ct
972 1724 1067 1766 omnes
1079 1711 1202 1767 homines
1216 1713 1364 1769 naturalem
1379 1712 1581 1785 possibilitatem
1592 1719 1621 1769 et
1631 1712 1760 1768 innocen-

130 1796 145 1840 *
159 1802 218 1858 sine
230 1815 342 1872 corpore
350 1799 482 1857 rationale
494 1812 572 1855 suurn
584 1808 667 1856 tenet.
934 1797 960 1861 li
974 1801 1037 1858 tiam
1053 1799 1203 1873 perdidisse
1216 1821 1222 1855 ε
1237 1812 1265 1859 et
1277 1804 1411 1860 neminem
1426 1803 1461 1861 de
1475 1788 1608 1876 pmmnte
1621 1803 1693 1860 iliius
1705 1802 1760 1859 rtd·

424 1891 538 1950 cetur
557 1892 618 1949 xit.
941 1888 945 1896 '
971 1909 1014 1951 ne
1027 1910 1075 1966 per
1093 1892 1208 1951 liberum
1234 1895 1373 1953 arbitrium
1404 1911 1485 1968 posse
1504 1911 1688 1970 consurgere,
1709 1895 1762 1952 nisi

163 1989 221 2045 lion
233 1998 275 2045 est
291 1987 300 2027 ¹
314 1987 409 2045 tertius
423 1987 448 2043 in
464 1987 612 2044 substantia
629 1986 746 2045 bominis
762 1988 769 2040 i
790 1988 917 2060 spiritus,
973 2001 1035 2042 eum
1058 1987 1144 2058 gratia
1161 1987 1207 2043 liei
1231 1989 1387 2045 miserantis
1411 1990 1547 2047 erexerit:
1562 1989 1674 2046 liberum
1687 1985 1761 2045 enin

128 2092 198 2139 stcut
210 2081 496 2154 bidpmnscnntendit,
511 2079 558 2136 sed
577 2079 690 2151 spiritus
704 2081 761 2152 ipsa
775 2090 817 2137 est
829 2080 919 2138 anima
970 2079 1109 2136 arbitrium
1125 2078 1170 2135 ille
1186 2094 1347 2151 perpessus,
1372 2081 1436 2138 dum
1451 2083 1508 2138 sois
1520 2080 1696 2138 inconsultius
1706 2081 1761 2136 uti·

128 2182 177 2242 pro
189 2170 302 2241 spiritali
322 2179 428 2237 ustura,
444 2169 486 2225 rel
505 2184 555 2241 pro
569 2183 603 2226 sc
617 2169 689 2238 quod
711 2170 796 2240 spiret
810 2171 836 2226 in
858 2185 919 2227 cor·
971 2182 1014 2227 tur
1028 2181 1040 2210 ¹
1054 2172 1142 2236 bonis,
1158 2172 1258 2229 cedens
1273 2175 1300 2230 in
1317 2175 1549 2244 prevaricationis
1558 2174 1701 2248 profunda,
1713 2173 1761 2231 dc-

129 2278 194 2335 pore
208 2264 317 2335 spiritus
332 2263 491 2336 appellatur.
507 2264 602 2320 Anima
622 2279 686 2320 rero
700 2280 733 2322 ex
748 2280 782 2323 eo
794 2275 916 2335 vocatur,
971 2277 1075 2320 mersus
1088 2270 1144 2329 est;
1157 2273 1185 2319 et
1199 2264 1264 2323 nibil
1288 2265 1513 2336 quemadmodum
1537 2265 1635 2322 exinde
1649 2278 1761 2336 surpere

128 2355 917 2429 qnodadrirenduntreladniriitcandumanimctcorpus.
971 2365 1062 2426 posset
1073 2357 1188 2425 invenit,
1198 2372 1300 2428 sitaque
1310 2357 1477 2415 inaetermun
1486 2356 1758 2429 libertatsdeceptus,

128 2449 235 2507 'l'ertius
248 2464 312 2506 vero
337 2434 382 2520 uni
397 2448 431 2505 ab
453 2449 582 2520 apostolo
596 2448 623 2521 (i
640 2449 730 2507 Tbesa.
746 2466 766 2518 r,
786 2449 833 2521 22)
856 2465 918 2506 com
971 2447 1051 2519 lttrjus
1065 2450 1142 2506 ruina
1154 2448 1278 2507 latuisset
1286 2463 1441 2522 oppressus,
1454 2449 1507 2506 nisi
1519 2464 1581 2506 earn
1591 2437 1759 2522 posthristi

127 2543 216 2598 anima
231 2550 260 2598 et
269 2555 382 2612 corpore
395 2541 530 2598 inducitur
540 2541 662 2613 spiritus,
676 2542 791 2614 gratiam
803 2542 920 2612 Spiritus
971 2554 1021 2610 prn
1032 2551 1080 2596 sua
1089 2541 1175 2610 gratia
1189 2541 1335 2598 relevasset
1349 2540 1491 2608 adtentus,
1506 2543 1552 2612 qui
1565 2554 1615 2613 per
1628 2543 1704 2598 nore
1717 2555 1760 2596 re-

108 2704 113 2715 ,
127 2636 213 2692 sancti
223 2649 284 2692 esse
296 2634 489 2706 intelligamus,
503 2650 582 2702 cuam
598 2643 658 2690 crat
676 2635 820 2705 apostotus
834 2644 861 2690 u·
875 2651 919 2692 tn·
970 2633 1149 2704 generationis
1170 2634 1382 2704 publicationem
1394 2648 1474 2692 omno
1490 2636 1654 2707 praeteritum
1664 2635 1760 2693 sitium

127 2736 200 2798 tegra
214 2733 368 2796 perseveret
380 2727 407 2781 in
420 2725 508 2792 nobis,
525 2740 560 2781 nc
573 2735 665 2781 nostro
674 2726 740 2781 sitio
754 2733 801 2782 aut
814 2727 919 2784 minua·
971 2726 1012 2780 sui
1027 2714 1195 2798 baptismatis
1206 2726 1313 2782 lavacro
1325 2727 1459 2797 purgavit.

127 2829 182 2886 tur,
197 2830 242 2876 aus
265 2818 399 2890 iunctura
420 2819 509 2887 nobis,
523 2819 584 2890 qaia
599 2819 717 2890 Spiritus
728 2829 837 2877 sanctm
850 2819 918 2877 eiiu-
1249 2816 1362 2874 cerui
1389 2816 1473 2874 xxttt
1542 2891 1545 2897 ,

127 2912 181 2984 giet
195 2911 283 2967 lictum
300 2910 378 2983 (Sep.
391 2926 410 2978 t,
424 2911 462 2981 l).
1006 2904 1146 2964 Neminem
1160 2921 1221 2963 esse
1235 2920 1284 2977 per
1298 2907 1473 2979 semetipsum
1485 2908 1599 2978 bonum,
1614 2909 1665 2967 nist
1678 2909 1760 2981 parti·

419 3001 535 3060 cerui
554 3002 624 3059 xiii.
919 3008 921 3018 ’
971 2989 1132 3071 cipationcm
1145 2980 1186 3056 sui
1202 2998 1271 3056 iilo·
1288 2998 1439 3066 donaverit,
1454 3000 1499 3070 qui
1513 3000 1588 3056 solus
1601 3008 1643 3056 est
1662 3000 1759 3058 bonos.

164 3095 291 3152 libertati
304 3095 408 3153 arbitrii
429 3095 470 3152 sui
496 3096 657 3151 commissos
672 3094 809 3151 esthemo
827 3092 916 3151 statim
994 3145 999 3156 ,
1250 3087 1365 3148 cetur
1383 3089 1480 3147 iitittt.

128 3191 156 3244 in
176 3186 390 3259 primairmrndt
415 3186 582 3255 conditione,
599 3197 628 3243 ut
647 3186 655 3225 ¹
682 3189 755 3243 satra
781 3171 956 3258 visitamini}
1007 3181 1147 3241 Neminem
1162 3182 1243 3239 etiarn
1255 3182 1423 3253 baptismatis
1437 3183 1521 3255 pratia
1533 3193 1690 3241 renovatum
1704 3185 1761 3241 ido-

128 3282 227 3337 mentis
238 3290 256 3317 ¹¹¹
269 3280 404 3337 adnitente
416 3278 522 3336 etiamn
538 3280 565 3332 in
580 3279 707 3348 praecepti
723 3278 842 3335 custodia
858 3293 918 3349 per·
971 3275 1159 3334 ncumessead
1172 3275 1446 3347 superandasdiaboii
1460 3275 1570 3332 insidias
1580 3285 1607 3331 et
1619 3275 1652 3332 ad
1672 3279 1682 3315 ¹
1702 3278 1761 3331 rin·
1800 3319 1802 3322 Α

127 3380 275 3439 reseraret,
287 3372 309 3428 si
328 3372 419 3450 vellet,
432 3373 458 3427 in
469 3385 503 3427 eo
513 3368 585 3442 quod
595 3379 702 3426 creatus
714 3370 802 3427 inerat
813 3384 920 3440 perma-
971 3371 1072 3429 cendas
1083 3371 1173 3428 eastris
1185 3369 1432 3441 concupiscentias,
1447 3368 1499 3425 nisi
1514 3383 1563 3441 per
1576 3368 1762 3439 quotidianum

127 3479 201 3521 nere.
220 3463 363 3535 Pmtnuam
378 3477 442 3519 cero
456 3461 615 3518 seductione
628 3462 763 3532 serpentis
773 3475 821 3532 per
833 3460 918 3518 liram
971 3462 1133 3535 adiutorium
1149 3462 1196 3519 bet
1212 3460 1437 3533 perseverantiam
1459 3459 1762 3518 boneeomersettents
1815 3525 1817 3529 7

127 3559 224 3615 cecidit
238 3557 315 3631 (Gerr.
329 3573 369 3625 tn,
383 3558 423 3626 6),
445 3562 547 3612 nature
562 3554 662 3611 bonum
677 3555 803 3627 perdidit,
818 3557 920 3628 pariter
971 3555 1118 3626 acceperit.
1133 3584 1135 3589 ⁴
1830 3542 1831 3545 '

127 3660 154 3707 ct
169 3651 289 3722 rigorem
302 3648 405 3706 arbitrii
418 3664 425 3714 ς
441 3662 495 3704 nun
510 3658 599 3704 tamen
612 3647 794 3714 eiectionem,
817 3663 851 3705 ne
863 3650 920 3705 non
1226 3647 1278 3722 14
1294 3645 1410 3705 cetur
1431 3645 1514 3703 xxi.
1558 3643 1563 3654 ‘

128 3752 201 3799 esset
222 3757 300 3797 strunt
315 3740 385 3812 quod
402 3749 414 3777 ⁰
428 3739 543 3797 evitaret
561 3743 612 3813 12
629 3750 780 3812 peccatum,
790 3739 847 3797 'nra
862 3755 921 3797 me·
1006 3739 1084 3810 Quod
1101 3740 1242 3798 ncmonisi
1253 3748 1267 3777 ¹¹
1282 3754 1331 3811 per
1344 3737 1483 3795 Christum
1495 3738 1581 3794 libero
1591 3737 1661 3794 bene
1675 3745 1763 3793 ntmur

128 3838 181 3894 ritn
195 3835 378 3907 indulgeretur
401 3834 472 3905 qaod
487 3848 540 3890 non
553 3833 664 3890 arbitrio
674 3834 807 3890 diluisset.
831 3834 921 3891 ldanet
969 3835 1096 3900 arbitrio,
1111 3835 1182 3890 idem
1200 3832 1329 3905 magister
1354 3831 1381 3888 in
1400 3831 1513 3902 epistola
1528 3832 1561 3887 ad
1581 3831 1763 3887 litieritanutn

127 3928 218 3999 itaque
228 3927 261 3984 ad
272 3925 442 3999 perurendam
455 3925 568 3982 salutem
579 3925 683 3982 arbitrii
695 3925 815 3997 libertas,
828 3927 854 3982 id
867 3936 919 3988 est.
972 3926 1115 3984 concilium
1132 3926 1194 3982 data
1218 3923 1357 3995 praedicat,
1372 3922 1486 3979 dicens:
1506 3922 1624 3976 Adscrte
1643 3920 1763 3987 tandem,

128 4018 268 4074 rationalis
279 4016 413 4086 noluntas,
429 4017 477 4074 sed
489 4016 653 4074 admonente
665 4017 740 4090 prius
754 4018 820 4085 beo,
835 4028 864 4075 ct
877 4017 921 4074 in·
972 4019 1222 4090 opresissimarnm
1234 4015 1365 4072 mentium
1381 4024 1396 4054 v
1409 4028 1535 4085 perversa
1547 4013 1678 4096 doctrina,
1692 4011 1764 4083 cuod

129 4112 230 4167 sitente
244 4109 277 4167 ad
290 4112 423 4179 salntem,
438 4121 468 4167 ut
480 4111 524 4166 rel
537 4109 634 4182 eligat,
648 4110 691 4167 rel
715 4120 857 4182 tenuatur,
877 4111 920 4167 nei
973 4112 1089 4184 primum
1103 4109 1240 4166 bominem
1255 4107 1291 4164 lta
1304 4106 1415 4163 libertas
1439 4105 1496 4175 ipsa
1511 4105 1633 4175 decepite
1648 4112 1677 4159 ut
1700 4102 1764 4160 dnm

129 4214 191 4276 apat
204 4205 346 4261 occasione
366 4203 471 4271 salutis,
494 4203 545 4260 lroc
555 4213 607 4273 est,
624 4203 800 4276 inspiratione
812 4205 869 4260 liei.
886 4203 922 4261 tlt
972 4202 1154 4274 indulgentius
1168 4199 1252 4257 irenis
1271 4197 1331 4270 ejus
1356 4197 1450 4265 utitur,
1472 4195 1501 4252 iu
1518 4195 1765 4269 prevaricationem

129 4305 219 4353 autem
243 4296 508 4369 consequaturquod
532 4297 622 4369 eligit,
645 4300 686 4353 rei
702 4299 773 4370 qnod
787 4287 918 4371 sequitur,
972 4299 1185 4372 presumptione
1198 4288 1339 4352 incideret.
1354 4290 1409 4349 liec
1419 4306 1453 4348 ex
1467 4291 1518 4347 ltac
1530 4291 1615 4362 putuit
1625 4289 1697 4354 erui,
1709 4289 1763 4346 nisi

129 4390 172 4445 rel
187 4389 257 4459 quod
271 4390 412 4445 occasione
427 4391 491 4460 agit,
508 4389 555 4445 liei
570 4403 631 4445 esse
644 4388 729 4446 libcre
747 4390 921 4447 conittemur.
972 4392 997 4448 ei
1010 4389 1177 4463 providentia
1189 4385 1403 4458 regenerationis
1421 4391 1520 4441 statum
1538 4383 1658 4454 pristinas
1675 4381 1760 4439 liber·

129 4479 236 4537 initium
251 4496 315 4552 ergo
328 4481 420 4536 silentis
432 4489 530 4536 nostrae
544 4479 600 4537 beo
614 4481 759 4538 miserante
770 4481 918 4547 iubenum
973 4485 1037 4541 tatis
1052 4480 1153 4540 Christi
1165 4479 1272 4537 Domini
1283 4477 1457 4535 relormassct
1471 4476 1613 4533 adrentus.

129 4571 370 4642 utaequiescamus
380 4571 524 4627 solutilere
534 4572 718 4642 inspirationi,
733 4583 830 4629 nostrae
844 4550 961 4645 pote-⁰
1259 4567 1372 4626 caedi
1390 4564 1485 4621 xxti.
1552 4572 1554 4577 ’

127 4664 205 4718 statis
215 4660 270 4730 csl;
282 4670 312 4718 ut
319 4662 498 4733 adipiscamur
508 4663 578 4733 qued
592 4665 787 4734 acqtticscendo
800 4666 923 4723 admoni-
1013 4669 1090 4740 Quod
1104 4664 1193 4723 omnia
1206 4661 1294 4719 studia
1308 4669 1336 4715 et
1349 4656 1438 4714 omnia
1451 4671 1533 4728 opera
1546 4665 1578 4712 ac
1591 4655 1686 4712 merita
1706 4668 1765 4711 san·

128 4753 196 4809 tioni
209 4757 343 4825 cupimus,
356 4755 438 4811 divini
449 4763 490 4811 est
504 4754 640 4820 muneris;
653 4764 743 4813 utnon
758 4758 878 4815 labamur
891 4763 918 4819 in
978 4776 1083 4823 ctornm
1098 4758 1131 4815 ad
1147 4757 1193 4812 bet
1217 4754 1330 4826 gloriam
1346 4749 1506 4821 laudemque
1521 4749 1663 4807 referenda
1675 4758 1687 4786 ¹
1701 4749 1766 4815 sint,

164 4942 177 4970 ⁸
194 4933 338 4991 Villam
350 4934 478 4989 iiiiii&
494 4945 543 4989 ΠΝ·
561 4931 721 5003 mummii·
750 4944 753 4950 '
1011 4952 1031 4979 ¹¹¹
1044 4941 1082 4996 lta
1096 4951 1147 4995 ms.
1164 4935 1227 5000 titii,
1239 4933 1398 5000 admittente,
1415 4930 1495 4986 male.

163 5004 177 5044 b
190 5002 251 5075 its,
264 5005 407 5089 disputent.
912 5030 917 5039 ·
1010 5020 1025 5050 ³
1036 5011 1098 5077 etit,
1113 5007 1243 5079 precepti.

165 5085 177 5114 ⁸
191 5074 252 5145 its,
267 5092 330 5146 qnsn
343 5093 388 5130 nec
402 5075 496 5130 cornia.
1014 5082 1103 5152 nilis„
1117 5079 1273 5140 entendnret,

163 5145 176 5184 ὓ
193 5147 254 5215 ils,
270 5162 355 5201 senten
377 5157 422 5201 est.
1014 5162 1027 5200 Ρ
1043 5152 1093 5207 lis.
1106 5148 1182 5204 addit
1193 5149 1220 5203 t'd
1233 5158 1276 5208 est,
1285 5143 1444 5200 rationabilis
1461 5141 1606 5197 coleritatis.

165 5216 360 5274 ‘liicetinira
375 5231 425 5271 ms.
443 5215 665 5285 babetcrrnsprn
679 5232 796 5288 corpore.
1014 5232 1027 5270 ι
1050 5221 1112 5277 ilaec
1138 5218 1262 5273 'ridentur
1292 5216 1430 5271 adnuntiare
1456 5223 1484 5268 et
1510 5223 1572 5267 sunt
1597 5210 1713 5267 tollenda
1740 5221 1767 5270 ut

166 5285 241 5343 slis.
262 5286 357 5343 addit:
375 5288 401 5339 t‘d
424 5301 460 5340 eat
476 5288 545 5353 nisu,
561 5287 670 5354 auditu,
696 5303 784 5359 tpttsttt,
801 5292 923 5361 odorottt,
978 5292 1080 5365 spuria.
1456 5293 1461 5301 '

128 5368 211 5415 tacte.
1018 5373 1030 5401 ¹
1048 5362 1076 5418 in
1089 5360 1194 5417 collect.
1205 5357 1386 5419 Consiliorum
1401 5354 1494 5411 isidori
1507 5353 1671 5420 bimembris,
1683 5354 1768 5410 dorsis.

127 5491 132 5497 ,
166 5429 252 5496 stis„
268 5444 338 5482 coro.
995 5444 1029 5498 ,⁵
1046 5428 1277 5496 lsidottts,tlottet.

163 5499 179 5537 ¹¹
196 5501 257 5567 ils,
267 5504 322 5554 sine
333 5515 407 5573 corne
418 5499 541 5554 rationem
551 5518 623 5556 anum
637 5503 760 5575 intensum
774 5513 851 5561 tenet.
1019 5505 1028 5539 ¹
1046 5502 1129 5566 idern,
1146 5501 1306 5556 evincendus.

169 5570 175 5607 ³
191 5570 252 5641 lis,
267 5571 380 5626 teriittnr.
1014 5581 1029 5610 ¹¹
1045 5573 1129 5639 ldcttt,
1142 5588 1187 5643 pes
1201 5572 1310 5642 pretinm
1326 5569 1432 5625 Cirn'sti.

167 5644 174 5691 i
193 5642 228 5696 lta
243 5658 294 5696 rns.
307 5640 371 5705 itit,
386 5641 512 5712 spiritam.
1015 5654 1028 5681 v
1044 5645 1082 5700 lta
1096 5652 1169 5699 recte
1182 5641 1311 5698 isidorus.

166 5713 177 5750 l
193 5712 247 5766 lios
263 5714 353 5766 rnundi
366 5712 472 5767 additur
484 5727 515 5767 et
529 5729 579 5769 ms.
1018 5725 1029 5751 ¹
1043 5714 1169 5781 isidorus,
1182 5722 1251 5768 sent.

169 5781 295 5838 liturus.
313 5783 469 5844 elibertina.
829 5806 836 5820 ⁴
871 5788 875 5805 ¹
