3810 6254
129 333 184 400 w
783 329 938 411 ιιιιιθιιιβ
957 329 1111 411 ιιΐβιιδιβ
1703 330 1761 397 itt

131 461 173 509 sot
187 460 210 506 ts
226 448 349 519 bossinus
364 453 388 517 ι)
401 443 527 516 cmudiot
540 450 575 499 te.
591 441 725 500 illuminat
742 441 866 519 bruttium
881 442 919 513 {of
932 444 960 525 ῃ
972 442 1052 517 touqo
1064 445 1239 515 separationis
1252 444 1392 510 interuallo
1407 444 1509 507 divisit
1520 445 1568 521 seq
1584 455 1645 516 tres,
1661 447 1758 520 inquit,

131 544 195 605 ιιιιιι
207 557 280 601 suom
293 548 408 612 superte,
419 545 442 593 ct
457 536 666 603 misereaturtui.
678 533 784 611 Altoliot
796 533 920 590 Dominus
970 551 1049 603 uuum
1062 544 1132 593 sunt.

132 634 225 709 {oriem
239 649 313 691 suunt
323 643 399 698 super
413 637 484 695 teet
505 628 547 683 det
561 627 606 683 tibi
619 641 707 699 pacans
721 625 816 699 (Nunc.
832 641 869 692 tt,
885 624 921 695 bb
1007 627 1063 684 litt.
1080 626 1181 685 Creutro
1194 645 1257 701 rpus
1280 638 1316 687 ιιι
1341 630 1491 687 cootntunis.
1507 660 1542 671 -
1557 629 1592 703 Ut
1606 638 1694 691 aulem
1708 630 1758 705 ad-

131 725 209 799 uqi.
232 723 309 794 Quod
329 723 380 777 broc
400 719 487 790 ipsum
514 718 643 791 propbeta
663 717 746 775 Dauid
768 720 919 801 coutirmal³
971 717 1022 787 buc
1046 718 1130 791 magis
1152 721 1287 793 magisque
1310 721 1395 788 sancti
1409 721 1525 792 Spiritus
1547 737 1607 795 cusq
1632 719 1711 803 l'alre
1731 710 1761 803 ιι

131 817 243 894 pecus:
261 812 399 870 Benedicat
416 828 462 867 nos
482 809 561 878 Deus,
580 810 650 874 Deus
671 819 765 878 recator,
790 809 921 865 benedicat
970 807 1039 865 nilla
1053 823 1105 865 uua
1119 807 1203 883 μοι,
1220 809 1347 889 dignitas]
1361 811 1487 869 diuinitas
1502 813 1528 868 in
1542 811 1666 887 creandis
1677 812 1760 887 rebus¹

130 925 178 971 nos
198 907 276 983 daus,
291 915 315 965 et
331 914 443 969 metuont
460 919 519 961 cunt
542 920 627 959 omenes
647 905 710 974 fines
734 915 808 959 terro
833 901 920 977 (Psoi.
970 904 1095 963 omuibus
1115 907 1329 979 demonstretur,
1353 907 1437 963 babes
1460 916 1607 969 creatorem
1629 907 1761 983 Spiritum

131 1015 205 1067 uxor,
218 999 260 1071 8).
274 997 360 1067 Quam
371 996 510 1053 Trinitatis
523 996 651 1051 unitatem
674 1010 797 1067 supernae
814 993 921 1065 angelo·
970 1008 1091 1071 sanetum
1102 1000 1129 1055 iu
1143 999 1210 1057 libro
1221 999 1290 1056 iub:
1304 998 1426 1071 Spiritus,
1441 998 1536 1070 inquit,
1550 1000 1760 1074 indueturque

130 1105 193 1151 tum
204 1091 316 1148 uirtutes
330 1089 389 1163 [ms.
409 1086 438 1154 ι,
452 1089 479 1144 iu
503 1085 568 1158 tuno]
589 1088 689 1159 bymuu
703 1095 874 1153 uenerantur,
894 1096 923 1149 et
970 1091 1029 1169 {ecit
1045 1107 1102 1157 mer
1116 1101 1140 1145 et
1155 1091 1268 1163 Spiritus
1291 1091 1475 1163 omnipotentis
1492 1091 1536 1162 qui
1556 1091 1625 1147 docet
1644 1107 1684 1147 nte
1699 1086 1760 1162 (iob

130 1191 174 1243 ter
184 1181 438 1249 numero‚Sunotus,
446 1181 566 1247 Sanctus,
574 1180 695 1248 Sanctus,
708 1178 835 1235 Dominus
842 1178 920 1246 ιιιιιι,
971 1196 1067 1247 xxsttt,
1083 1182 1140 1254 ιι).
1158 1184 1191 1237 Ει
1205 1182 1286 1238 Dauid
1301 1183 1366 1239 dicit
1380 1201 1387 1237 r
1403 1181 1496 1237 Emitte
1511 1182 1635 1259 Spiritum
1648 1194 1720 1256 tuum
1735 1194 1760 1261 ι)

130 1275 237 1339 subdoli
255 1272 333 1348 ilwi·
355 1287 391 1339 ll,
422 1273 461 1342 ὅ),
488 1270 647 1331 indesinenti
671 1279 785 1327 canente
812 1286 870 1337 ore,
894 1271 920 1335 iu
971 1274 1132 1341 arcebuntur,
1150 1284 1175 1333 at
1188 1275 1319 1331 renovabis
1332 1275 1421 1347 focium
1435 1283 1508 1330 terre
1521 1272 1607 1348 (Psoi.
1622 1289 1683 1341 ιιιι,
1700 1273 1757 1346 ιιι).

132 1368 212 1442 unius
230 1365 364 1436 fastigium
378 1363 568 1435 dominationis
587 1362 699 1433 gloriam
718 1361 776 1433 ejus
793 1363 920 1435 malunt.
971 1365 1001 1424 Si
1013 1364 1111 1429 creatio
1124 1376 1151 1431 et
1162 1366 1301 1421 renovatio
1317 1380 1365 1437 per
1379 1364 1508 1434 Spiritum
1521 1365 1583 1430 erit,
1599 1366 1657 1437 sine
1673 1364 1758 1443 dubiq

132 1456 210 1533 Quod
222 1466 252 1515 ιιι
264 1454 352 1512 adbuc
365 1455 485 1524 apertius
498 1453 614 1510 lldelimu
628 1453 752 1539 sensibus
763 1453 921 1531 inculcetur,
971 1464 999 1514 et
1009 1456 1168 1529 principium
1194 1457 1338 1515 creationis
1360 1456 1420 1513 sine
1433 1456 1535 1533 Spiritu
1549 1471 1603 1512 non
1623 1455 1680 1512 luit.
1699 1455 1761 1531 ιιι)

133 1547 282 1624 polemium
298 1546 489 1618 mysteriorum
503 1545 641 1603 conscium
661 1546 831 1625 producimus
855 1546 923 1624 Paq·
972 1548 1132 1605 mentionem
1148 1547 1228 1619 igitur
1249 1546 1443 1617 ostermnmus,
1459 1547 1521 1616 qnia
1545 1545 1663 1603 titillent
1679 1547 1761 1623 etiam

132 1637 199 1709 ium.
219 1637 264 1695 bit
277 1637 350 1709 enirn
369 1654 378 1695 a
394 1636 537 1694 Diuisioncs
559 1644 644 1705 autent
666 1636 834 1714 donationum
852 1647 922 1702 sunt,
972 1636 1089 1708 Spiritus
1103 1649 1221 1704 sanctus,
1242 1637 1310 1715 sieut
1329 1635 1449 1695 Poterat
1469 1636 1561 1695 Filius.
1582 1637 1713 1709 Equidem
1727 1636 1762 1709 dp

133 1727 202 1795 ιιιιιιι
228 1738 315 1785 ouum
341 1728 471 1802 Spiritum·
495 1738 519 1783 ιι
546 1729 681 1784 divisiones
707 1729 923 1786 ministrationum
972 1742 1085 1799 mosoma
1100 1728 1185 1785 Patris
1197 1727 1280 1785 reiort
1293 1728 1437 1799 Apostolus
1454 1745 1461 1781 ι
1477 1727 1565 1783 Testor
1581 1728 1606 1781 in
1622 1736 1758 1800 correpeotu

133 1829 203 1898 tunt,
218 1819 380 1875 ideutuuteut
396 1817 537 1886 Dominum
552 1827 576 1874 ιι
595 1820 731 1893 divisiones
750 1822 924 1897 operationum
938 1805 961 1866 Β
975 1819 1040 1889 Dei,
1050 1820 1093 1889 qui
1109 1819 1219 1890 siulpicot
1231 1820 1317 1875 omnio
1331 1817 1362 1901 (ι
1378 1819 1443 1883 Tim.
1459 1833 1502 1882 rt,
1524 1817 1579 1889 lo).
1596 1817 1683 1874 Vitam
1698 1833 1762 1887 uero

133 1918 203 1987 punt,
217 1909 285 1980 idenp
296 1925 354 1967 uero
369 1909 453 1976 ιιιιιι,
466 1912 510 1980 qui
527 1918 647 1982 operatur
656 1911 744 1966 counio
761 1913 788 1966 in
809 1913 923 1969 omnibus
974 1911 1020 1981 pist
1032 1909 1163 1969 Christus.
1180 1910 1254 1977 does,
1270 1908 1367 1981 inquit,
1378 1925 1440 1963 mcor
1450 1923 1535 1963 uocem
1548 1922 1629 1962 mcum
1642 1907 1762 1977 audiunt,

135 1998 165 2075 ίι
176 1999 235 2056 Cor.
252 2001 328 2070 ιιι,ι
342 1999 421 2072 seq),
436 2009 491 2058 etc.
507 2001 541 2057 Et
552 2010 625 2058 certc
639 2000 688 2058 bas
701 2002 860 2060 divisionum
875 2003 925 2079 dii·
973 2011 997 2057 ιι
1012 2017 1057 2073 eqo
1070 2001 1148 2055 uitont
1158 2009 1277 2056 eternam
1292 2001 1325 2054 do
1339 1997 1392 2054 illis
1404 1997 1495 2071 (toan
1513 2014 1539 2063 s,
1553 1997 1599 2063 bi,
1614 1995 1672 2067 28).
1686 1994 1762 2068 Viti·

134 2091 263 2150 fetentior
275 2109 325 2164 pro
339 2092 468 2163 qualitate
479 2108 512 2149 ac
528 2095 624 2151 merito
640 2095 851 2165 participantium
865 2096 925 2169 Spi-
974 2089 1086 2147 immun
1097 2105 1162 2148 uero
1176 2105 1191 2144 o
1205 2090 1306 2161 Spiritu
1320 2099 1424 2157 sancto,
1441 2087 1613 2161 ipsodicente
1628 2085 1741 2163 Domino
1755 2103 1762 2139 :

135 2185 216 2245 titum
230 2194 351 2261 sanctum
362 2194 376 2223 ⁸
390 2185 481 2242 docuit
494 2187 611 2257 operari,
623 2202 685 2244 eum
696 2188 813 2259 ipsarum
828 2188 926 2259 qratia·
976 2183 1089 2254 Spiritus
1102 2191 1138 2236 est
1148 2182 1192 2253 qui
1203 2181 1312 2251 sinificet
1325 2178 1415 2252 (ioan.
1428 2194 1466 2246 ιι,
1482 2180 1536 2248 tlt).
1553 2178 1622 2253 bieco
1631 2193 1684 2234 uua
1699 2176 1769 2255 uiri.

135 2288 195 2331 rum
208 2274 373 2332 differentias
387 2276 541 2348 partiretur,
557 2277 584 2332 iu
597 2276 696 2334 ultimis
710 2278 799 2335 intulit
813 2279 924 2338 diceus:
976 2275 1064 2345 beatio
1078 2274 1164 2332 Patris
1184 2283 1212 2331 et
1235 2272 1294 2329 Filii
1317 2282 1345 2330 et
1368 2273 1483 2345 Spiritus
1497 2273 1582 2328 sancti
1606 2279 1699 2349 aperte
1715 2273 1764 2335 de·

136 2365 202 2445 iimo
220 2375 305 2422 autem
329 2368 416 2421 omnio
439 2376 559 2436 operetur
580 2383 646 2423 unus
664 2376 739 2441 utque
757 2369 823 2424 idem
841 2369 926 2442 Sp'ci·
975 2375 1121 2425 monstrata
1136 2376 1187 2422 ιιι.

135 2444 188 2527 ιιι,
203 2458 317 2514 diuiduos
330 2459 672 2532 propriuunicuiqueprout
691 2462 744 2514 cuit
765 2459 924 2535 (tumul).
1012 2459 1078 2515 xiil.
1109 2458 1284 2515 Proescicntio.
1305 2487 1339 2496 —
1365 2455 1564 2513 prescientiam
1592 2471 1681 2512 rerum
1707 2472 1763 2525 osu·

136 2549 215 2631 binde
225 2551 313 2607 nullus
326 2550 491 2620 ambiguitati
513 2551 671 2623 relinquitur
687 2551 772 2617 locus,
793 2555 856 2623 quint
872 2555 926 2627 29
976 2552 1048 2609 nium
1064 2553 1091 2607 in
1107 2552 1246 2618 Decesse,
1264 2559 1292 2606 et
1305 2550 1471 2606 occultorum
1487 2549 1683 2619 cognitionem,
1702 2549 1764 2625 ilcet

135 2640 237 2717 cierent
248 2641 375 2712 Spiritum
386 2651 507 2698 sanctum
519 2651 546 2699 ιι
556 2642 638 2700 Deum
650 2658 720 2713 esse,
734 2647 926 2701 etsuaeroluu·
976 2662 1055 2703 nemo
1077 2642 1245 2701 Cltristianus
1259 2642 1383 2714 iquoret,
1404 2650 1493 2699 tamen
1506 2656 1539 2697 ex
1561 2639 1678 2698 Danielis
1698 2640 1765 2697 libro

137 2735 199 2813 tatis
212 2743 361 2802 auctorem,
374 2735 418 2806 qui
432 2743 526 2790 cuncto
540 2737 657 2806 umrari,
668 2744 697 2793 et
710 2736 857 2793 secundum
865 2753 926 2811 pro·
976 2736 1176 2797 mensurandum
1184 2742 1235 2792 est.
1246 2733 1324 2802 Deus,
1335 2733 1481 2805 iuquiequi
1487 2735 1642 2789 monument
1650 2733 1763 2807 coquitur

136 2826 203 2907 pria
218 2827 362 2885 tolurttatis
376 2827 515 2884 arbitrium
526 2825 625 2883 ditium
638 2826 925 2898 dispctrsatiouisdonu
975 2847 1012 2900 ss,
1030 2833 1075 2901 qui
1092 2829 1212 2900 messim
1227 2828 1374 2883 asenniam
1385 2834 1666 2896 antequomncscontur
1682 2823 1764 2896 (ιιιι.

133 2913 227 3001 largiri
240 2919 408 2991 apertissime
420 2918 628 2976 demonstratur.
643 2918 710 2988 Quia
731 2920 775 2978 ubi
802 2919 925 2977 vulunta-
975 2937 1038 3001 rsus,
1053 2921 1109 2995 ιι).
1124 2921 1186 2977 blac
1196 2918 1289 2977 eadem
1305 2916 1470 2991 praecientia
1485 2918 1512 2972 iu
1526 2915 1632 2972 Cluuiam
1647 2924 1696 2983 est,
1712 2915 1765 2993 sie-

135 3008 174 3083 ιιι
187 3011 332 3081 gratiarum
352 3009 504 3079 distributio
524 3009 693 3080 predicatur,
712 3026 771 3082 ‚nou
787 3019 875 3083 polest
886 3012 926 3069 ai·
976 3024 1005 3077 ut
1021 3013 1102 3073 relert
1122 3011 1290 3084 Euangeliou
1306 3030 1312 3062 :
1329 3008 1367 3064 Ab
1389 3009 1462 3064 irrisio
1481 3017 1566 3063 nutent
1580 3007 1672 3061 reiciat
1689 3005 1764 3062 imus

135 3099 195 3161 deri
214 3101 334 3158 conditio
351 3101 508 3159 seruitutis:
530 3099 559 3157 in
573 3110 698 3159 creatura
719 3102 790 3159 subn
809 3103 925 3173 serviem
975 3107 1031 3179 quis
1046 3114 1110 3162 esset
1128 3119 1185 3160 curn
1206 3103 1362 3170 traditurus,
1373 3097 1410 3155 uel
1420 3099 1556 3171 quiessent
1569 3114 1620 3153 non
1632 3096 1680 3179 [ιιι.
1695 3099 1764 3155 deest

136 3192 307 3265 intelliqeuda
320 3200 372 3265 est,
389 3193 416 3250 in
430 3191 560 3249 Trinitatc
573 3208 638 3261 tero
646 3192 792 3251 dominatio
804 3195 924 3253 acliber-
937 3162 962 3235 Ω
976 3196 1042 3271 non]
1056 3197 1185 3253 credontes
1196 3197 1222 3250 in
1236 3209 1294 3251 eunt
1307 3189 1397 3264 (donn.
1413 3207 1456 3257 ιι,
1469 3189 1526 3258 65).
1541 3189 1616 3256 Quod
1630 3189 1665 3245 sit
1675 3197 1763 3265 autem

136 3289 187 3351 tas.
203 3284 238 3353 iit
252 3294 281 3340 ut
301 3284 388 3341 adbuc
408 3283 467 3366 luce
484 3283 582 3341 clarius
599 3285 678 3343 auios
697 3284 844 3343 diuinitatis
864 3300 925 3345 esse
976 3292 1142 3365 peculiorum
1166 3288 1297 3358 coquitur,
1322 3301 1355 3340 ex
1369 3284 1420 3340 boe
1443 3281 1612 3341 unonilestum
1634 3290 1685 3350 est,
1702 3295 1764 3336 cunt

135 3389 196 3431 eum
211 3374 325 3433 Patrem
338 3375 406 3433 Filio
418 3375 544 3453 surium
555 3375 926 3448 mnouumdoeesmuqman-
977 3383 1091 3449 obserere
1105 3379 1216 3438 eon-ina
1229 3377 1381 3441 tudaorum
1396 3375 1538 3431 traducens
1552 3374 1656 3430 dimna
1671 3392 1679 3431 :
1695 3368 1764 3441 putu

135 3465 353 3547 miserauqelistae
363 3465 515 3525 testimonio
523 3469 724 3549 conspuebatur.
735 3468 780 3526 bit
791 3484 923 3543 namquo:
976 3477 1094 3548 septemb
1108 3488 1216 3541 nequam
1238 3470 1267 3527 in
1288 3468 1405 3524 cmdibus
1424 3468 1512 3543 antris
1526 3465 1635 3541 (blattis.
1656 3480 1700 3522 ts.
1713 3457 1764 3535 ι)ἰ

136 3558 198 3617 Τιιι
213 3571 272 3618 sunt
288 3560 332 3633 qui
344 3561 514 3617 uadimonium
531 3560 662 3634 perbibent
687 3563 715 3618 in
738 3564 811 3631 coeio,
834 3562 924 3632 Potor,
978 3565 1109 3624 Similiter
1130 3561 1257 3643 praescire
1282 3558 1371 3615 artrusio
1392 3556 1520 3628 Spiritum
1545 3568 1683 3623 sarnetum,
1707 3557 1764 3628 ipss

138 3650 257 3719 Vrsinus,
271 3662 296 3708 ιι
309 3652 422 3727 Spiritus
440 3654 553 3717 sudatus,
569 3651 617 3709 etl
631 3655 657 3717 bi
672 3666 722 3710 tres
736 3670 815 3709 unum
828 3664 886 3711 sunt
898 3638 926 3726 (l
979 3640 1158 3717 manifestarit
1171 3651 1264 3709 dicens
1278 3636 1314 3705 ad
1324 3649 1460 3721 apostolos
1474 3664 1482 3704 :
1497 3647 1666 3702 (innumeris
1678 3645 1764 3716 Spiri-

135 3741 214 3821 ioon.
230 3761 257 3814 r,
272 3744 312 3815 i).
330 3743 487 3817 ‘Numquid
501 3745 549 3813 ait,
568 3755 622 3805 tres
635 3744 802 3803 indifferenti
817 3747 926 3819 aequali·
979 3759 1019 3807 tus
1031 3747 1156 3812 ueritatis,
1169 3743 1267 3799 docebit
1279 3757 1321 3798 sos
1335 3741 1431 3808 anestia,
1445 3750 1467 3795 et
1481 3750 1585 3812 uentum
1602 3736 1764 3794 annuntiabit

135 3842 189 3919 tate
211 3837 335 3909 seiuncti,
351 3847 395 3897 aut
409 3837 572 3921 quibuslibet
595 3836 779 3899 diversitatum
798 3839 926 3911 gradibus
979 3841 1047 3901 uobis
1060 3838 1150 3919 (ioan.
1164 3851 1227 3902 snt,
1243 3833 1298 3905 ιιι).
1314 3831 1365 3903 out
1380 3840 1492 3891 uentura
1505 3830 1662 3888 annuuntiare
1676 3828 1763 3902 perbi-

173 4147 289 4205 mullo.
304 4150 397 4214 etalii,
410 4151 512 4206 moene.
528 4149 746 4207 Loriclsiusuero
765 4150 858 4219 babet,
874 4154 922 4208 do·
976 4166 1035 4209 rum
1051 4134 1175 4207 eumdem
1191 4148 1279 4204 locum
1299 4146 1389 4203 laudm
1409 4143 1566 4216 Fulgentius
1585 4143 1613 4199 iu
1638 4143 1705 4198 libro
1727 4144 1761 4200 de

135 4220 187 4279 suit
200 4221 313 4293 operosi,
329 4230 353 4275 ιι
367 4227 393 4274 ut
409 4223 445 4277 sic
456 4221 569 4292 ipsos-unu
583 4221 734 4291 prasiorum,
748 4232 800 4280 etc.
976 4221 1117 4283 Trinitale,
1130 4229 1157 4276 et
1167 4220 1195 4276 in
1205 4217 1258 4280 ailo
1267 4216 1396 4274 aduersus
1405 4216 1509 4273 Piutam
1519 4214 1676 4295 episcopum
1686 4216 1763 4269 Aria-

169 4288 229 4343 bln
244 4289 392 4346 eudcolb.
406 4304 539 4347 anctorum
554 4289 663 4348 circiter
676 4290 728 4348 tuo
741 4292 800 4349 baec
813 4292 925 4348 babetur
977 4307 1040 4348 num
1063 4292 1162 4361 scripto
1182 4308 1188 4342 ε
1211 4302 1281 4361 quan
1302 4301 1360 4347 uam
1384 4286 1461 4342 istius
1484 4295 1620 4341 auctorem
1644 4284 1723 4338 altum
1748 4302 1762 4337 a

134 4359 285 4416 obseruatio
299 4360 326 4413 ln
345 4362 486 4437 margine:
505 4359 573 4415 Noto
584 4358 616 4414 'in
638 4360 744 4432 epistola
764 4361 829 4417 bruti
842 4360 926 4417 icon·
977 4358 1118 4433 Pulqeurio
1134 4360 1233 4424 luisse,
1249 4303 1300 4425 spei
1315 4368 1401 4412 tumen
1416 4356 1555 4424 aqualem,
1571 4365 1697 4409 cettseaut
1711 4355 1762 4411 uiri

132 4429 173 4486 siis
186 4429 223 4485 ito
233 4428 376 4501 ispaniam.
390 4429 522 4487 Ceterum
535 4430 594 4486 bac
608 4434 700 4498 uerba,
714 4431 776 4487 Tres
789 4441 848 4486 sunt
862 4434 924 4503 qui,
976 4433 1082 4488 eruditi.
1105 4432 1170 4487 llide
1186 4427 1330 4484 blabillooii
1347 4428 1522 4496 appendicem
1535 4427 1554 4479 ι
1566 4426 1598 4480 ud
1618 4424 1763 4491 biturqiam

132 4509 198 4560 ιιι..
213 4515 272 4570 qum
283 4501 308 4555 in
324 4501 459 4556 nonnullis
472 4516 611 4557 sacrorum
626 4503 772 4558 Bibliorum
785 4502 924 4559 codicibus
976 4503 1152 4565 Gallicanam,
1170 4515 1229 4571 paq.
1243 4513 1347 4555 cestus.
1358 4499 1458 4555 Tamen
1480 4500 1640 4568 Augustinus
1659 4495 1728 4552 libro
1744 4514 1762 4552 u

134 4569 322 4641 monetariorum
339 4570 496 4648 infidelitate
515 4572 647 4629 excidisse
670 4574 842 4643 conqueritur
862 4590 924 4629 san·
938 4564 1068 4635 Deoutra
1082 4572 1265 4636 blaximiuum,
1276 4583 1335 4639 cap.
1345 4567 1506 4636 bareumi,
1516 4564 1560 4623 ubi
1571 4567 1628 4622 baec
1639 4567 1718 4622 rerba
1729 4583 1763 4624 er

133 4644 192 4696 elus
203 4638 301 4695 literne
313 4642 444 4708 'musaei
455 4641 714 4711 quirisaliusauctor
725 4643 829 4714 qnisult
843 4642 922 4713 hujus
974 4644 1045 4700 beati
1056 4640 1167 4698 ioannis
1186 4640 1307 4711 epistola,
1322 4637 1384 4693 Tres
1399 4656 1478 4693 unum
1497 4648 1566 4697 sunt.
1583 4636 1699 4700 discutit,
1716 4652 1763 4693 co-

199 4711 283 4766 saneti
295 4657 413 4767 siccioris
423 4713 531 4768 nomine
543 4711 680 4783 prologum
692 4714 774 4768 ellidii
785 4714 811 4769 in
822 4715 923 4784 episto·
971 4715 1033 4770 dice
1052 4730 1114 4768 usus
1140 4714 1221 4768 luisse
1240 4710 1345 4765 uidetur
1366 4710 1393 4764 iu
1414 4726 1467 4781 quo
1488 4712 1669 4765 testimonium
1692 4708 1763 4763 istud

144 4795 174 4835 as
199 4782 361 4848 canonieus,
389 4783 541 4852 religiosius
568 4782 595 4838 in
623 4783 761 4841 codicibus
787 4784 920 4842 Africanis
973 4783 1071 4849 Petris,
1085 4793 1149 4848 etc..
1165 4795 1325 4852 expressum
1338 4791 1472 4851 uouerat.
1486 4781 1560 4837 idem
1573 4778 1714 4835 dicendum
1728 4778 1763 4834 de

132 4861 287 4908 conseruata
301 4852 383 4908 luisse
397 4861 471 4925 patet
483 4868 515 4908 et
531 4854 582 4908 boc
597 4855 668 4921 loeo,
684 4855 730 4909 ubi
746 4856 838 4910 Patres
852 4855 921 4910 biri·
974 4853 1100 4910 Facundo
1117 4852 1304 4909 ileruriaucnsi
1320 4851 1389 4907 libro
1408 4867 1416 4907 s
1439 4867 1486 4922 pru
1506 4850 1663 4907 defensioue
1682 4848 1762 4903 trium

132 4923 190 4976 carri
208 4923 233 4977 in
248 4937 329 4978 utrum
343 4923 496 4995 cougregati
518 4937 566 4995 prq
581 4924 727 4993 emittenda
743 4924 804 4981 lldei
819 4925 920 4995 proles·
972 4925 1158 4995 capitulorum.
1170 4923 1223 4979 Sed
1239 4937 1306 4993 opus
1320 4921 1389 4978 istud
1403 4922 1543 4978 Facundus
1558 4931 1633 4975 extra
1645 4917 1762 4975 iliricum

130 4989 206 5046 sione
226 5006 256 5047 ea
277 4990 467 5049 adhibuerunt.
487 4993 542 5049 Nec
560 4992 677 5049 uu'uam
693 5009 724 5050 ea
746 4993 780 5050 do
795 5009 826 5050 ιι
837 4996 922 5050 reela·
971 4992 1430 5064 Constantinopolidmenseonsen
1451 4994 1495 5046 sit:
1506 4991 1601 5047 blisum
1613 4997 1762 5055 astantem,

129 5074 218 5142 masse
229 5060 340 5131 legimus
352 5064 477 5132 brianus,
488 5063 533 5136 qui
543 5074 604 5137 sequ
617 5064 698 5120 itunc
713 5065 830 5134 potentia
847 5064 919 5133 lecti,
971 5064 1041 5135 quod
1058 5065 1084 5119 iu
1100 5065 1235 5119 trortuullis
1251 5064 1331 5118 etiarn
1344 5009 1532 5118 vetustissimis
1552 5059 1692 5116 bibliorum
1713 5072 1763 5115 co·

129 5131 195 5188 uilnl
212 5147 265 5187 non
280 5141 402 5209 poterant
416 5134 544 5190 adsersus
557 5130 717 5190 eatbolleos.
729 5133 799 5202 Quin
814 5144 841 5191 ιι
854 5135 917 5192 nut-
971 5133 1075 5191 dicibus
1091 5149 1155 5189 reuss.
1171 5133 1324 5204 preebqatur
1336 5133 1460 5258 proleque
1473 5145 1552 5201 supro
1570 5130 1692 5186 laudatus
1703 5131 1763 5200 epi·

129 5202 235 5275 gentius
247 5200 325 5274 paulo
338 5215 397 5274 post
408 5206 435 5260 in
450 5204 519 5260 libro
529 5212 621 5259 eontra
633 5202 748 5261 Asianos
761 5205 810 5260 sub
823 5206 914 5268 briem,
969 5206 1047 5262 stolis
1062 5205 1207 5266 canonicis,
1220 5212 1247 5261 et
1261 5201 1369 5273 quidem
1385 5216 1430 5277 su*
1445 5201 1529 5258 sancti
1543 5201 1697 5272 Hieronymi
1712 5216 1762 5255 nu·

129 5270 251 5339 ,eumdem
266 5272 355 5330 locum
375 5274 497 5341 adducit,
513 5288 568 5331 non
581 5273 669 5333 solum
680 5283 805 5345 tauquam
819 5290 834 5331 e
847 5274 919 5332 Scri·
970 5277 1058 5344 mine,
1075 5282 1102 5330 ct
1116 5284 1204 5330 tamen
1225 5278 1250 5328 iu
1266 5280 1340 5328 testu
1354 5273 1503 5328 verannius
1519 5273 1564 5328 ille
1586 5272 1701 5327 omissus
1714 5273 1761 5325 sit.

149 5348 205 5397 lura
217 5352 362 5415 sumptum,
378 5344 424 5413 sed
439 5354 466 5402 el
479 5359 558 5417 quem
578 5352 593 5399 a
613 5343 693 5401 beato
707 5345 839 5417 cypriano
859 5347 916 5405 lau·
968 5344 1022 5401 Sed
1043 5346 1112 5400 bane
1127 5344 1338 5412 controversiam
1349 5338 1501 5399 accuratius'
1512 5341 1706 5400 discutiendam
1718 5355 1763 5398 re·

148 5418 219 5497 atum
230 5414 312 5498 luisse
322 5414 368 5498 ait,
381 5412 430 5472 sub
441 5414 585 5498 testimonii
597 5429 631 5499 ex
641 5414 778 5542 Scriptura
790 5417 915 5473 nomine:
969 5414 1113 5485 linquimus
1121 5414 1263 5496 'susdalibus
1278 5412 1388 5482 nostds,
1404 5414 1448 5486 qui
1465 5413 1619 5487 iiierouqmi
1633 5413 1761 5482 operibus

127 5478 478 5611 §nfinii'iciui'iiitffltieiswii
490 5485 695 5613 Ιοωιιιιιὲωιέαιάιιιι
712 5487 915 5613 gssplrgisffic
968 5487 1537 5625 ῐθξθῖἳῗιηὲιιειιῗιξοιΐῖιᾞιὲἰἴαιπιιιιιιιιιιιιὶιιι
1556 5552 1661 5609 uoiitolc
1686 5553 1761 5609 tori-

128 5564 239 5703 riiiiiio
256 5636 280 5684 ct
294 5624 396 5707 Spiritu
415 5572 501 5683 mucio
520 5596 643 5697 insipiam
656 5572 712 5694 est}
733 5638 755 5682 et
768 5574 824 5683 ‘tuci
835 5574 915 5683 ennii
966 5626 1043 5682 citius
1054 5696 1060 5707 ι
1071 5624 1249 5693 itrdifferssttiot
1269 5623 1403 5697 psoiitots.
1420 5572 1579 5694 nmmum,
1603 5593 1761 5691 ιιιιιιιιιιιιιι

179 5692 357 5767 acyminum
370 5706 460 5755 aulem
475 5712 535 5754 euin
550 5697 665 5752 laudauit
681 5707 736 5753 tum
751 5696 778 5769 iu
794 5698 862 5753 libro
882 5696 916 5763 da
966 5695 1126 5768 aqsninutss
1546 5702 1549 5709 '

129 5759 237 5824 [irritata
250 5766 388 5835 missia,
403 5776 459 5825 tum
472 5768 498 5823 in
508 5767 619 5837 epistola
633 5767 666 5824 ud
681 5766 849 5837 bubajanum.
866 5766 918 5824 Ιιι·
