3810 6254
199 249 252 311 εει
844 205 1142 312 centensimum
1782 240 1836 299 nos

199 372 397 438 exsurgentem,
422 366 448 423 in
469 362 554 423 Putris
577 365 687 422 deutera
711 362 848 430 residere:
861 364 989 436 'itemque
1002 360 1031 424 Δ
1042 357 1131 415 Cocus
1145 374 1212 413 cum
1227 358 1348 429 demtum
1364 354 1479 429 probem
1492 369 1549 412 cuns
1563 348 1651 413 endon
1662 362 1795 428 mergetur
1808 356 1835 410 iu

200 454 264 514 inde
282 467 434 524 venturum,
450 464 480 512 ut
498 464 540 512 εει
557 455 631 513 nisus
650 455 689 514 ire
710 455 738 512 in
758 456 852 523 coelos,
876 462 988 511 essenus
1039 451 1140 522 [ouesm
1151 449 1258 524 (llottb.
1272 451 1328 523 st).

201 549 545 620 promerentem-quaternus
562 545 704 604 Librorum
726 533 988 605 memorat'traditio
1075 541 1134 597 Non
1147 549 1188 597 est
1201 540 1261 609 boc,
1274 554 1323 596 oro
1336 549 1373 607 te,
1389 538 1549 597 acerrimum
1560 537 1717 595 decrevisse
1729 536 1834 610 pericu·
1853 589 1856 611 ,

200 641 361 706 diuinorum,
384 641 525 698 etllicmni
548 642 654 699 concilii
676 642 770 709 torma,
799 641 877 698 sicuti
900 639 988 696 cuncti
1040 636 1108 703 lum,
1121 632 1229 706 quando
1242 649 1292 691 nec
1305 633 1403 691 sauciis
1423 630 1655 689 adbibeturllrms
1677 630 1797 698 curatio,
1810 638 1834 687 ct

200 739 273 788 retro
291 730 470 802 predicavere
482 732 622 803 pontillces
636 749 644 787 ε
658 731 697 788 sic
715 747 809 788 eorum
832 739 887 787 tum
901 729 990 801 pre-
1041 730 1114 785 sanis
1132 728 1263 799 ingeritur
1283 727 1433 784 miseranda
1451 722 1596 796 contagio?
1614 721 1682 779 lisur
1699 722 1833 793 quomode

200 822 261 879 sino
273 824 359 893 primo
371 832 556 894 competenter
572 824 672 880 inserta
685 823 837 886 concentui,
853 836 906 892 quo
918 821 989 876 besti
1041 819 1117 875 siunt
1128 820 1214 876 sedari
1226 832 1315 891 posse,
1326 820 1348 875 si
1360 821 1385 876 in
1397 818 1486 874 tuturo
1498 817 1603 873 lurores
1612 830 1679 872 suos
1689 815 1834 885 patianturl

200 928 276 984 papas
290 913 426 971 Coelestini
439 915 604 984 temporibus
618 913 773 970 Nestorium
789 912 872 981 pestis
886 909 990 966 exstin-
1042 909 1110 980 Quid
1125 918 1167 966 est
1180 909 1245 965 illud
1263 909 1354 966 dicere
1372 909 1427 979 jam
1447 921 1554 964 cuumm
1574 907 1675 963 nullam
1694 920 1835 977 superesse

190 993 245 1060 'cta
259 1013 315 1072 est,
330 1019 410 1074 quam
424 1004 494 1061 datis
506 1013 627 1076 augustus
641 1005 778 1061 memorias
793 1003 877 1060 Leoni
891 1013 991 1057 sanctae
1041 1001 1208 1071 certaminis,
1222 1000 1274 1055 nisi
1288 999 1420 1057 bmreticis
1432 998 1543 1055 victoria
1556 997 1710 1054 tribuaturl
1722 996 1835 1054 Proinde

200 1097 339 1154 memorie
359 1096 457 1155 Leonis
480 1113 556 1170 pape
583 1098 704 1169 epistulis
731 1098 845 1168 capitula
872 1096 991 1168 subiecta
1042 1092 1139 1164 quibus
1158 1092 1250 1149 inlerri
1269 1091 1451 1162 castigationis
1464 1089 1563 1163 attoniti
1575 1092 1659 1148 etiam
1673 1090 1832 1162 corporalis,

201 1195 332 1245 testantur
355 1189 480 1258 :quibus
504 1189 778 1246 sirillecousulens
806 1189 886 1245 etiam
912 1190 993 1244 totius
1042 1189 1074 1236 nt
1099 1191 1175 1250 pater
1201 1181 1350 1252 benignus.
1386 1180 1541 1246 h⁰lietci⁸i
1568 1179 1654 1237 mullo
1678 1181 1836 1238 clementius

200 1276 317 1336 Orientis
328 1280 335 1311 ¹
348 1279 491 1350 episcopis,
503 1294 649 1352 eorumque
662 1295 802 1352 responso,
817 1279 994 1352 subscriptio·
1044 1287 1137 1330 eorum
1150 1275 1253 1330 animos
1268 1288 1320 1330 non
1335 1273 1444 1345 potiaris
1459 1273 1595 1345 intercipi,
1608 1273 1657 1330 sed
1670 1272 1716 1344 pla
1731 1274 1837 1346 deposi-

201 1360 305 1441 nesque
327 1385 409 1442 super
428 1370 523 1443 synodi
549 1368 775 1429 Chalcedonensis
802 1371 994 1443 approbatione
1035 1366 1119 1446 ¹tione
1138 1380 1306 1437 compressos
1323 1364 1432 1422 tandem
1446 1365 1524 1422 subdi
1543 1367 1626 1422 tactas
1644 1365 1783 1422 catholico
1796 1380 1837 1422 sa·

200 1461 369 1532 suscipiens,
393 1476 426 1518 cu
448 1461 600 1517 nuliatenus
623 1476 718 1532 passus
740 1471 781 1519 est
804 1461 914 1529 mutari;
940 1474 994 1532 quo
1044 1457 1159 1524 cerdoti,
1187 1466 1217 1513 ut
1236 1472 1307 1514 uerte
1324 1458 1506 1528 generationis
1525 1455 1649 1514 ellectum
1662 1464 1692 1513 et
1715 1470 1838 1513 securum

202 1551 288 1622 magis
313 1550 465 1609 Christiana
494 1561 585 1609 mente
611 1552 772 1624 perpendit,
802 1561 830 1610 et
857 1553 908 1610 boc
935 1567 996 1609 esse
1045 1550 1152 1607 sibimet
1163 1550 1308 1620 profuturae
1318 1548 1514 1606 communionis
1527 1547 1657 1605 auxilium
1669 1562 1839 1622 conmquan·

125 1670 127 1683 ·
203 1659 307 1713 serum,
320 1645 390 1716 quod
408 1660 469 1702 cum
481 1646 579 1704 divinis
593 1645 786 1702 assertionibus
798 1645 994 1702 catbolicorum
1046 1650 1100 1698 tur.
1128 1642 1248 1712 subjecit
1273 1642 1349 1698 uobis
1373 1641 1462 1697 divina
1489 1640 1658 1712 prouidentia
1685 1641 1837 1699 laenitatem

201 1736 238 1794 de
258 1747 314 1794 toto
335 1737 401 1794 orbe
422 1738 562 1795 doctorum
581 1739 659 1810 longe
678 1749 820 1812 enumquam
842 1739 995 1812 hujusmodi
1008 1725 1034 1791 B
1046 1748 1098 1806 qua
1112 1734 1205 1790 itidem
1220 1733 1368 1806 eliriugstis
1381 1748 1463 1805 opera
1477 1732 1652 1805 perfidorum.
1672 1732 1784 1806 nepulit
1796 1732 1838 1790 ille

202 1832 316 1906 questio
330 1840 504 1901 nasceretur,
523 1833 698 1888 consonantia
712 1833 810 1904 ubique
821 1831 891 1889 dieta
905 1835 995 1890 conci·
1036 1834 1146 1884 'nostrae
1165 1826 1305 1897 religionis
1321 1834 1503 1892 vastatorem
1522 1839 1571 1880 sos
1587 1823 1697 1896 abelus
1711 1824 1838 1882 &ctesias

202 1932 332 1988 nueraut;
357 1929 385 1979 et
406 1922 467 1979 ideo
490 1924 561 1979 nulla
585 1924 727 2000 itegattoue
747 1923 914 1991 refodienda,
934 1940 995 1997 que
1046 1920 1196 1980 cornicibus
1209 1917 1539 1991 irruptionemdeturbste
1552 1915 1722 1991 monum.
1735 1916 1838 1974 escam

92 2016 96 2024 '
202 2013 429 2083 construentium
443 2013 568 2069 damnata
583 2033 590 2068 ι
606 2030 706 2072 nenon
726 2017 814 2072 solum
834 2031 913 2074 causo
927 2033 996 2090 prse-
1046 2011 1091 2071 ille
1102 2011 1294 2083 rempublicam
1306 2010 1388 2085 (sicut
1397 2017 1602 2080 vesterquoque
1612 2021 1707 2063 sermo
1717 2010 1839 2076 matur)

202 2116 265 2161 sens
285 2104 310 2160 in
330 2116 411 2161 omne
432 2103 557 2160 catholici
582 2105 850 2163 nominisesteudot
871 2108 993 2176 esitium,
1045 2097 1840 2180 styranuidelraereticn;libertatemrosabipslsiseresecs

203 2193 252 2251 sed
272 2193 355 2251 etiam
372 2196 477 2251 cunctis
496 2194 611 2251 residuis
628 2195 734 2266 publice
753 2196 821 2253 bella
843 2197 996 2254 resumendi
1037 2188 1839 2271 preceptoribuspopuloseruentcsChristianisrestituite.

203 2283 335 2354 pandatur
359 2283 477 2350 occasio,
498 2285 521 2340 si
542 2284 661 2356 quolibet
681 2287 772 2356 modo,
793 2287 864 2358 quod
882 2287 996 2344 semela
1047 2291 1165 2349 illesos
1187 2289 1256 2346 culm
1279 2288 1405 2361 legitimos
1436 2285 1553 2343 restituit
1584 2284 1759 2356 imperatoris
1782 2282 1840 2353 lure

203 2375 340 2432 scleribus
355 2375 545 2433 universaliter
559 2376 679 2437 decisum
693 2387 745 2447 est,
761 2387 942 2436 retractetur:
958 2381 996 2435 uti
1048 2383 1188 2449 micticon
1208 2380 1313 2438 reddite
1331 2394 1380 2436 nos
1403 2379 1530 2450 magistro
1542 2377 1729 2450 'discipulatum
1752 2375 1841 2458 sedem

203 2479 265 2523 esse
285 2467 340 2537 lam
362 2466 507 2537 persistetis
528 2466 716 2524 Alexandrino
736 2465 997 2540 llcclesiceperrer·
1048 2477 1117 2532 beuti
1131 2473 1211 2531 ilorci
1227 2464 1398 2544 evangelistis
1413 2471 1446 2526 ad
1464 2469 1682 2526 communionem
1695 2466 1841 2525 beatissimi

204 2572 305 2625 wilm»
327 2557 434 2616 stilletis
451 2559 498 2615 diu
520 2559 678 2630 impunibile
698 2571 877 2632 crescentem.
901 2563 997 2618 vestris
1048 2568 1132 2633 Petri,
1146 2567 1180 2624 de
1193 2568 1254 2623 nitar
1268 2579 1361 2623 eorum
1376 2564 1480 2620 meritis
1493 2562 1641 2619 devotione
1654 2559 1777 2618 εειιιιείιε
1790 2575 1799 2613 z
1814 2567 1842 2614 ct

204 2653 441 2726 preceptionibus,
449 2654 555 2726 qulbus
570 2654 668 2710 merito
680 2653 781 2711 dudum
795 2655 921 2727 probetur
943 2657 998 2727 eje-
1034 2648 1108 2735 'ipso
1124 2662 1151 2718 in
1174 2660 1251 2716 robis
1269 2673 1338 2729 opus
1355 2659 1456 2714 bonum
1470 2655 1638 2726 perticiente,
1652 2652 1697 2724 qui
1717 2649 1841 2722 coeperit,
1861 2696 1866 2704 .

175 2825 178 2831 ¹
204 2755 275 2813 2¹⁰⁸,
294 2761 354 2805 0⁸⁸⁰
373 2746 547 2804 nibilominus
560 2747 731 2818 abigendum.
1048 2768 1144 2811 secure
1156 2751 1249 2808 audire
1261 2747 1418 2806 mereamini
1432 2766 1439 2801 :
1457 2747 1508 2813 Qui
1519 2741 1711 2818 permessuit
1720 2755 1800 2810 sequa
1812 2746 1841 2794 lc

241 2840 284 2897 tln
299 2853 353 2897 non
373 2841 431 2911 ipse
447 2847 489 2896 est
501 2853 551 2911 per
565 2838 673 2909 triginta
692 2850 779 2896 annos
798 2838 937 2897 catholice
951 2837 999 2895 de·
1049 2842 1287 2915 permicantem
1299 2842 1347 2896 erit
1359 2839 1468 2913 (Metti.
1483 2857 1513 2905 x,
1524 2837 1585 2907 “il
1599 2844 1628 2894 et
1640 2834 1674 2891 ad
1685 2843 1741 2891 tue
1751 2831 1844 2904 glorie

205 2942 296 2991 sertor
308 2932 447 3002 Ecclesia,
462 2931 686 3004 inimicorumque
703 2931 762 3003 eius
778 2941 896 2990 sectator
909 2941 937 2990 et
950 2933 998 2989 do·
1049 2937 1197 3002 cumulum,
1212 2933 1321 3001 itssuice
1333 2931 1380 2988 liei
1395 2930 1552 3003 presidens,
1566 2926 1699 2997 serendus
1711 2925 1845 2982 veraciter

204 3031 276 3092 etor,
290 3032 319 3080 et
330 3022 364 3080 ad
380 3021 544 3080 tundendum
559 3023 715 3095 sanguinent
736 3037 845 3095 semper
858 3025 934 3082 uelox
949 3022 999 3080 brit
1049 3030 1168 3087 existens
1187 3023 1336 3082 bisinitatis
1354 3023 1488 3087 imitator,
1513 3029 1592 3091 atque
1607 3017 1695 3073 adbuc
1714 3015 1743 3071 ln
1761 3015 1847 3071 rebus

203 3120 234 3171 et
242 3113 399 3186 promptusl
410 3112 532 3184 Numquid
542 3113 577 3169 ad
588 3112 657 3169 banc
670 3114 747 3170 istam
758 3102 998 3172 dissimulationem
1010 3099 1035 3163 C
1051 3117 1242 3190 temporalibus
1255 3114 1424 3178 constitutus,
1434 3113 1490 3183 inm
1502 3109 1647 3183 espeniarls
1658 3115 1688 3165 et
1700 3120 1804 3164 munus
1818 3107 1857 3164 ln

204 3215 300 3262 summ
317 3203 432 3275 quadam
455 3219 488 3260 es
510 3203 679 3260 conviventia
699 3203 878 3278 [cotsniseutio]
899 3195 1000 3278 prmce-
1051 3221 1179 3268 aerernam
1194 3207 1241 3264 tibi
1255 3204 1446 3263 beatitudinem
1461 3208 1649 3275 preparatum.

204 3298 311 3368 ptorlsl
345 3299 375 3353 ln
396 3313 451 3368 quo
474 3312 567 3354 reuera
590 3312 643 3353 non
670 3305 714 3355 est
740 3313 807 3370 opus
834 3299 1000 3357 discussione
1088 3301 1168 3372 Quod
1180 3315 1247 3357 tero
1262 3307 1357 3355 cuncta
1382 3296 1479 3353 litteris
1493 3307 1546 3350 non
1566 3300 1845 3367 potuemmeosrpre·

205 3388 314 3455 subtili;
339 3389 400 3460 quia
424 3388 483 3458 eius
500 3396 591 3459 aperta
606 3396 669 3444 sunt
687 3388 811 3446 crimina.
828 3390 906 3448 liolet
927 3402 1001 3449 certe
1055 3397 1136 3454 luendi
1168 3410 1226 3466 qum
1253 3391 1352 3460 negotii
1378 3389 1492 3462 qualitas
1516 3403 1571 3445 non
1601 3386 1668 3444 sinit
1690 3385 1839 3457 πειεείιῐ,

205 3478 293 3551 pletas
306 3487 362 3546 tua,
375 3479 448 3551 quod
460 3493 507 3549 per
518 3479 660 3536 diuturnos
670 3481 753 3551 partis
767 3483 878 3539 alterne
889 3466 999 3556 graues·
1040 3484 1174 3563 'qusniam
1183 3485 1383 3543 venerabilibus
1396 3482 1495 3540 nostris
1505 3479 1633 3540 iratribus
1643 3478 1848 3552 eteneplsmpis

201 3583 260 3643 qne
276 3569 417 3627 condictus
434 3565 510 3627 inulti
528 3586 561 3628 er
581 3569 632 3628 boc
649 3571 748 3629 smculo
763 3572 904 3632 uideantur
916 3577 999 3634 ablati
1054 3583 1132 3649 mois,
1157 3579 1252 3651 quibus
1274 3592 1338 3634 curs
1359 3574 1501 3648 legationis
1524 3573 1645 3645 iniuncta
1665 3579 1720 3643 cet,
1738 3569 1848 3644 pnopm'c

196 3662 433 3734 ιιιιιῑεειιιίειιιειίε
453 3673 499 3720 aut
514 3663 710 3720 communionis
730 3675 864 3736 expertes.
880 3668 936 3724 Sub
949 3669 1000 3725 boe
1053 3673 1124 3747 spurt
1147 3686 1195 3728 rm
1214 3671 1316 3741 agenda
1339 3683 1465 3727 sermone
1486 3666 1631 3724 commissa
1649 3673 1726 3722 snt.
1750 3661 1849 3720 Precor

206 3752 694 3831 ergoprassuleoesiutbapticuti,et
708 3753 999 3829 elicianturbaeretici,
1053 3773 1084 3822 m
1105 3780 1137 3821 cu
1157 3777 1270 3836 qumque
1292 3769 1321 3819 et
1342 3760 1436 3817 audire
1457 3759 1598 3830 benignas,
1625 3763 1654 3813 et
1676 3753 1849 3812 indllliculter

204 3850 235 3901 et
254 3845 314 3904 sine
334 3846 526 3904 commuuione
546 3855 704 3913 transeunt,
729 3863 763 3904 ne
787 3851 813 3905 in
833 3851 999 3921 perditorum
1053 3870 1184 3923 annuero,
1208 3864 1263 3911 tum
1285 3868 1334 3926 pro
1357 3852 1497 3909 catbclicsc
1519 3849 1692 3907 obsecrantis
1715 3846 1849 3915 saltatim

205 3938 339 4010 pravitate
351 3938 476 3998 deficiant
491 3955 500 3998 τ
515 3949 545 3997 ut
556 3940 780 4013 quemadmodum
795 3943 923 4014 scriptum
936 3955 998 4002 est:
1054 3956 1109 4005 tum
1125 3949 1205 4005 etiam
1221 3961 1270 4019 pro
1284 3946 1359 4017 regni
1375 3943 1459 4001 uestri
1474 3941 1674 4009 incolumitate,
1691 3936 1849 4014 dignumst

897 4071 910 4099 ι
926 4062 1093 4121 sutstobn
1108 4064 1152 4121 lli.

712 4167 746 4205 sn
765 4166 871 4208 sersus
891 4169 1039 4224 succensu,
1060 4173 1093 4213 ss
1113 4170 1212 4212 sunouo
1230 4170 1347 4211 nortus.

170 4330 173 4337 Ι
208 4239 325 4300 Ostendit
339 4233 447 4324 P'etrssns
461 4237 610 4307 d'ullcnem,
625 4240 696 4324 clius·
710 4240 878 4325 Cncplscum,
894 4261 944 4300 nou
957 4247 1082 4331 solesmin
1099 4247 1248 4314 Valentini,
1264 4245 1412 4328 dluniclsoei,
1427 4243 1494 4327 sirii,
1510 4239 1818 4367 §de
1828 4248 1854 4297 et

242 4311 391 4384 Eutgcbetsa
405 4311 530 4375 dereses,
552 4326 638 4364 umam
662 4320 737 4366 ettam
758 4328 784 4366 us
804 4329 901 4369 errores
915 4318 1065 4387 qenttlrtctsa
1079 4320 1176 4442 'plures
1200 4317 1260 4372 deos
1279 4325 1415 4372 asserentis
1437 4313 1565 4369 tnctdsssc.
1724 4319 1811 4367 meet
1826 4319 1856 4365 st

241 4385 387 4504 sesipifgot,
401 4387 425 4432 et
444 4380 513 4503 113οά
526 4377 692 4504 igisisngio,
708 4382 856 4438 Crucillsus
866 4394 975 4455 psopter
990 4402 1049 4456 nos,
1061 4404 1079 4441 o
1097 4389 1157 4443 dere
1169 4404 1220 4442 non
1233 4395 1363 4457 oportent,
1372 4385 1431 4442 ὀτι
1442 4387 1471 4440 sb
1484 4382 1525 4441 δεῖ
1537 4383 1679 4460 npecdisss
1690 4383 1765 4455 trra
1776 4402 1857 4461 epse·

191 4598 194 4605 .
244 4472 309 4524 “W
363 4469 448 4522 scam
486 4470 522 4510 m
551 4473 560 4505 ι
577 4471 656 4519 Μ’
697 4517 797 4581 ’Felix
809 4522 952 4596 episcopus
964 4525 1045 4588 Petro
1059 4529 1187 4602 episcopo
1201 4526 1360 4585 bntimbie.
1820 4512 1826 4524 “

206 4678 208 4685 .
243 4636 308 4701 disis
322 4635 392 4692 dedit
405 4636 484 4719 copiti
497 4652 553 4692 meo
566 4612 669 4708 msam,
682 4645 707 4692 et
729 4640 810 4693 oculis
829 4641 891 4696 meis
903 4643 998 4713 sonitem
1011 4647 1040 4710 1)
1084 4650 1128 4709 τίς
1150 4646 1226 4703 δώσει
1244 4655 1277 4721 τῇ
1295 4645 1387 4721 κεφαλῇ
1405 4665 1454 4717 μου
1469 4641 1556 4720 ὕδωρ.
1574 4644 1619 4698 καὶ
1635 4646 1695 4704 sais
1716 4638 1857 4723 §levipes

207 4731 381 4815 umentorum
393 4728 463 4801 (ier.
479 4730 535 4803 rsit
547 4731 659 4800 Qualem
683 4740 772 4789 autem
786 4741 814 4790 et
831 4732 940 4805 dignum
953 4736 1000 4792 lle-
1049 4761 1099 4815 pou
1109 4744 1194 4814 πηγὴν
1207 4738 1322 4816 δακρύων
1334 4736 1449 4815 (ειμι)
1459 4752 1467 4803 ;
1477 4743 1552 4794 neto
1562 4733 1643 4791 ctam
1654 4729 1731 4799 ίξιεε
1741 4732 1857 4811 iduppi·

207 4828 267 4911 tum
279 4821 409 4887 adducatur
423 4821 522 4879 animas
536 4822 776 4898 mem-condoleus
790 4822 896 4881 bomini
909 4825 1000 4883 sutus-
1049 4835 1180 4910 προσοίσω
1192 4841 1223 4904 τῇ
1238 4834 1350 4904 ἐμαυτοῦ
1361 4831 1453 4904 ψυχῇ,
1467 4828 1597 4909 manipiis
1612 4832 1646 4902 τῇ
1659 4830 1710 4881 τοῦ
1722 4823 1858 4882 δεσπότιν

207 4914 278 4972 toris
297 4915 380 4971 nostri
393 4911 494 4971 Cbristi
508 4924 608 4971 sancte
632 4915 771 4972 catbolicae
793 4924 820 4973 et
844 4918 999 4989 apostolico
1048 4926 1093 4979 act
1106 4931 1221 4999 euripos
1236 4927 1349 4999 spissos
1364 4920 1426 4996 ἁγίᾳ
1440 4919 1554 4992 uetulum
1568 4918 1612 4972 sel
1626 4914 1788 4992 ἀποστολῇ
1803 4908 1859 4971 'es-

207 5003 355 5066 Rdclddlol
369 5005 433 5079 lpse
451 5007 521 5064 ent'ttt
543 5006 649 5079 plorans
668 5006 776 5082 plctcct'i
799 5027 877 5083 asper
887 5013 956 5083 filios
974 5023 1000 5068 ct
1050 5014 1156 5090 mincip:
1174 5015 1306 5070 illesione«
1320 4996 1445 5070 ἕκὶαυσιε
1461 4997 1527 5069 cristi
1545 5009 1587 5064 lm!
1604 5005 1691 5073 tibiis
1707 4998 1754 5062 ω
1771 5008 1859 5082 ΜΦ

245 5220 260 5249 ·
278 5209 342 5294 ilaec
353 5202 396 5267 e'st
413 5209 459 5267 illa
475 5209 604 5283 synodica
617 5211 730 5281 epistola
748 5225 809 5282 que
824 5211 906 5269 missa
924 5219 967 5269 est
983 5227 1000 5269 s
1054 5213 1264 5286 resipiscendum
1275 5213 1426 5271 admonitus
1438 5211 1498 5269 luit.
1512 5209 1580 5269 lide
1591 5210 1859 5285 qmmstutst-

208 5281 326 5338 eoocrluo
340 5279 507 5357 Romanoad
523 5280 630 5338 Petrum
647 5281 801 5348 Fullonem,
816 5297 868 5355 quu
882 5290 942 5352 post
956 5297 1000 5338 rc·
1055 5287 1116 5342 dem
1132 5288 1159 5342 io
1173 5286 1244 5342 notis
1258 5284 1379 5356 elussdem
1393 5283 1512 5340 concilii.
1606 5346 1610 5352 ,

209 5350 310 5438 inlatos
330 5351 389 5421 eius
411 5364 517 5408 errores
539 5351 709 5424 blasphemos
733 5353 819 5423 prima
840 5354 947 5409 actione
968 5351 1001 5408 ad

246 5461 499 5604 :fiffieoeeffifflm‘s
508 5461 693 5604 εἵῗεῖἓῖἑῃῖιοη
707 5530 814 5600 Felicis,
828 5531 877 5588 sed
889 5530 998 5659 Simgll-
1049 5475 1096 5585 gb.
1112 5528 1173 5583 llid.
1183 5525 1225 5583 cl.
1237 5525 1334 5583 liadeii
1345 5523 1531 5597 prelationem
1549 5525 1585 5583 ad
1596 5525 1697 5608 suppl.
1712 5528 1805 5587 Aeac.
1815 5528 1858 5586 h·

1072 5459 1113 5514 ius
1123 5455 1157 5513 ad
1171 5469 1216 5512 an.
1238 5453 1302 5511 cnr.
1325 5453 1388 5521 dib,
1402 5467 1430 5509 n.
1442 5431 1501 5511 i‘et
1512 5467 1602 5526 seqq,
1617 5461 1648 5512 et
1666 5466 1718 5513 ata.
1741 5454 1815 5526 ⁸85,
1828 5470 1857 5515 ι.

210 5601 246 5660 etl
259 5612 332 5658 suut.
356 5601 409 5658 Eas
422 5601 604 5672 supposititias
623 5610 694 5668 putat
710 5599 831 5657 Valesius
851 5602 920 5660 lib.r
965 5601 998 5656 b·
1050 5595 1288 5665 lncxbibendatu.
1367 5628 1381 5655 ε

211 5685 283 5732 sess.
299 5687 368 5729 sacr.
384 5672 416 5728 ad
433 5673 587 5743 Euagrium,
598 5672 646 5729 sed
658 5680 687 5728 ut
702 5673 833 5748 genuinas
848 5673 1001 5733 lucteriu-
