3810 6254
911 273 1009 313 ,le

623 375 626 379 ’
759 372 914 432 sepontus
932 372 1166 433 ssosuusns
1233 324 1236 328 ¹

742 619 823 666 ΔΙΙΟ
844 618 959 667 Domi
978 601 1179 666 menimis.

115 760 789 1191 simonius
551 516 1730 972 ιιιιιιιιιιιιιιι

743 1042 958 1097 surburbanis
979 1044 1159 1099 urtsmuun

613 1282 1264 1392 PROLEGOMENA.

850 1484 1093 1505 m

118 1674 163 1743 ,
412 1668 414 1673 -
569 1619 874 1701 amorosa
911 1616 1362 1703 ιιιιιιιιιοιιιι.

142 1860 148 1889 ἱ
182 1870 185 1876 ¹
345 1856 357 1878 ἢ
522 1782 657 1847 ircosus
688 1785 872 1848 Ssussouuus
907 1786 951 1847 n..
969 1784 1210 1848 Rusaauceuuso
1235 1784 1412 1856 Rursusne,

141 1901 188 2019 ⁴3„
240 1917 244 1923 ¹
291 1908 307 2015 Ἰ
596 1927 631 1992 S·
645 1927 684 1991 li.
699 1926 740 1993 Ε.
759 1929 918 1994 cardinali
931 1932 1075 2012 episcopo
1091 1930 1332 1997 Silvanectensi.

188 2044 192 2053 ·
256 2050 267 2090 ,ι
383 2050 422 2091 ἰ.
440 2038 457 2077 2²

139 2275 142 2281 ,
192 2198 386 2262 Destinatum
402 2199 460 2263 tibi
472 2204 545 2263 unte
560 2218 659 2265 annos
671 2202 844 2285 complures
857 2204 1025 2271 Sidonium
1042 2212 1197 2279 nostrum,
1216 2202 1424 2268 illustrissime
1439 2196 1621 2273 cardinalis,
1633 2212 1693 2278 pro
1710 2205 1783 2258 soto

150 2298 268 2363 occidit
283 2308 319 2362 ut
334 2318 391 2380 per
407 2302 526 2364 eosdem
540 2305 603 2383 sere
620 2304 684 2366 dies
696 2306 785 2384 prelo
803 2305 997 2387 subjicerem,
1013 2307 1126 2389 quibus
1142 2304 1222 2368 teob
1237 2305 1335 2367 liclia
1351 2303 1492 2365 reducem
1511 2299 1663 2381 plaudens
1679 2299 1784 2362 Gallia

150 2400 285 2485 priuatis
295 2399 489 2482 publicisque
502 2402 769 2483 qratulotionibue
783 2406 1040 2489 prosequebatur.
1055 2407 1137 2473 Nom
1155 2423 1223 2469 oum
1237 2426 1256 2468 o
1272 2422 1318 2467 me
1331 2404 1440 2467 itidem
1456 2420 1497 2464 en
1511 2401 1623 2464 ueteris
1636 2400 1784 2465 clientelas

150 2518 237 2562 neuu
250 2499 468 2562 odosntorium
481 2499 540 2564 tibi
550 2520 662 2565 munus
676 2504 806 2584 aliquod
823 2506 927 2568 deberi
943 2509 1102 2583 sentirem,
1120 2504 1291 2585 optandum
1308 2511 1374 2565 erat
1388 2502 1529 2581 prossoto
1549 2508 1586 2562 ut
1607 2497 1668 2563 tale
1680 2500 1784 2561 nonai·

152 2614 264 2673 scerer,
279 2597 363 2680 quod
376 2616 441 2660 non
457 2599 557 2662 solum
573 2601 725 2665 desiderio
738 2610 846 2666 nostra
864 2607 984 2681 testari,
1003 2605 1056 2667 sed
1071 2613 1154 2667 tuom
1177 2622 1299 2687 quoque
1322 2604 1457 2683 qratiam
1469 2601 1553 2664 inire
1565 2618 1602 2662 ac
1614 2602 1785 2680 promereri

133 2692 136 2697 ’
150 2705 264 2780 posset.
279 2697 372 2763 Nunc
387 2717 459 2762 uero
470 2719 527 2765 sua
539 2710 648 2782 sponte
667 2701 702 2765 id
714 2702 850 2768 oblatum
865 2714 922 2785 est,
940 2705 1025 2787 quod
1034 2704 1135 2767 cmori
1147 2704 1201 2766 abe
1216 2711 1258 2780 te,
1275 2702 1303 2765 ei
1318 2709 1347 2763 te
1359 2719 1455 2775 aenas,
1465 2698 1655 2780 probarique
1666 2712 1785 2762 necesse

152 2799 207 2860 sit.
225 2797 310 2874 Quid
331 2800 412 2862 enim
425 2799 514 2863 aliud
530 2801 588 2864 tibi
601 2802 698 2883 offero
713 2821 783 2866 cum
798 2805 969 2868 Sidonium
985 2806 1095 2888 offero,
1114 2822 1207 2884 quom
1219 2805 1352 2866 alterum
1367 2809 1396 2862 tc
1411 2799 1480 2875 tibi,
1499 2800 1564 2862 boc'
1574 2807 1618 2862 est
1631 2808 1784 2881 prostan-

133 2900 135 2905 ’
155 2899 306 2963 tissimum
315 2915 437 2987 penore,
448 2902 605 2975 doctrina,
617 2905 737 2968 uirtute
746 2906 930 2980 antistitem,
941 2906 1051 2972 iisdem
1063 2904 1207 2969 laudibus
1222 2903 1471 2985 ornamentisque
1480 2901 1613 2984 praedito
1626 2901 1785 2965 antistitii

152 3003 296 3080 proiecto
312 3003 489 3066 Galliarum
510 3012 602 3088 patre
615 3013 734 3079 natum,
751 3004 924 3069 Gallicanos
946 3006 1067 3070 nsilities
1090 3005 1237 3085 maqistri
1261 3004 1327 3084 plia
1339 3024 1350 3075 ,·
1370 3003 1552 3084 preelectum
1570 3001 1644 3069 urbi
1668 3003 1785 3082 Romu,

155 3101 312 3169 cardinali
326 3112 520 3170 tantumnon
529 3106 631 3185 primo
643 3106 677 3169 in
692 3106 842 3170 Ecclesiae
857 3107 1002 3169 Romanu
1012 3105 1114 3187 qradu
1128 3104 1321 3175 constituto:
1333 3103 1511 3183 episcopum
1523 3103 1655 3184 denique
1667 3102 1785 3165 Arcer-

153 3220 267 3266 norum
276 3205 455 3269 Aruernlooe
468 3205 548 3269 sedis
559 3205 692 3284 ejusdem
700 3207 866 3289 episcopal
878 3207 1015 3271 Yomstsi
1025 3207 1107 3270 emim
1118 3204 1304 3268 tsAroernis
1315 3202 1378 3265 tuis
1389 3200 1572 3283 iampridem
1584 3202 1783 3278 abduceris,

154 3304 360 3385 maluerisque
373 3305 544 3368 desiderari
558 3303 595 3365 ob
612 3305 653 3369 iis
668 3308 865 3385 praesentiam
882 3313 966 3368 tuom
978 3322 1070 3387 quom
1082 3311 1268 3385 perpetuum
1283 3303 1351 3366 illis
1367 3303 1480 3365 bonum
1493 3321 1554 3366 sess
1568 3321 1628 3385 quo
1643 3304 1784 3384 [ruebam

155 3407 221 3480 tur,
237 3403 328 3466 buret
351 3412 451 3468 samen
478 3405 619 3485 oiqetque
635 3406 669 3468 in
687 3407 825 3469 omnium
842 3406 954 3469 animis
974 3404 1154 3486 arctissimo
1177 3406 1381 3486 pontificatus
1406 3407 1454 3467 tui
1476 3404 1666 3470 recordatio.
1682 3406 1784 3488 Neque

152 3500 219 3563 ullo
231 3518 367 3583 unquam
384 3503 444 3566 erit
457 3511 530 3565 utos
547 3520 615 3584 ques
627 3504 729 3566 instro
742 3504 800 3567 illa
813 3505 948 3587 quiesque
962 3522 1028 3566 non
1042 3505 1183 3582 celebret,
1197 3504 1309 3585 quibus
1320 3505 1362 3566 ad
1373 3505 1520 3568 Ecclesia
1533 3503 1783 3568 claromontano

154 3604 275 3669 clauum
290 3604 409 3681 sedens,
427 3623 529 3668 omnes
553 3603 603 3667 illi
621 3605 860 3685 prudentissimi
876 3606 1172 3686 cipilontissimique
1184 3606 1324 3689 pastoris
1337 3620 1481 3669 numeros
1502 3602 1672 3667 reddidisti
1691 3623 1784 3668 :cum

35 3696 38 3703 ⁴
153 3703 303 3766 creditam
326 3703 385 3768 tibi
395 3703 513 3784 piebem
532 3703 703 3767 coelestibus
720 3705 909 3784 disciplinis,
928 3723 983 3769 nso
999 3705 1101 3768 uerbis
1119 3712 1241 3767 tontum
1255 3724 1292 3768 oo
1305 3723 1456 3782 sermone,
1473 3705 1526 3768 sed
1545 3706 1675 3785 seriptis
1692 3708 1784 3769 etiam

153 3803 378 3885 uoluminibus,
401 3823 479 3869 onec
493 3806 622 3889 pletatis
638 3805 784 3887 moqister
798 3805 937 3871 erudires
946 3828 957 3878 ,·
973 3809 1149 3871 tumultum
1165 3806 1242 3888 ipse,
1257 3822 1438 3888 morsumque
1458 3809 1591 3888 sormam
1605 3824 1726 3869 omnem
1740 3811 1785 3872 sio

151 3906 334 3986 instrueres,
349 3914 386 3969 eet
397 3907 509 3989 quibus
520 3907 726 3981 successione,
737 3924 909 3989 quorumoe
921 3909 956 3970 in
968 3902 1114 3970 'eatbedro
1122 3908 1259 3985 sederes,
1270 3915 1421 3989 perpetuo
1435 3905 1593 3984 meditari,
1606 3908 1783 3972 ioudondoe·

131 4024 211 4091 ,que
224 4009 411 4073 imitationis
429 4009 547 4085 studio,
564 4026 648 4072 nuno
669 4010 895 4090 Austremonii,
909 4010 1073 4093 liiidilque
1087 4011 1300 4081 sanctitatem,
1321 4010 1498 4073 Venerandi
1515 4017 1607 4091 otqus
1628 4010 1783 4091 Eporclsii

151 4107 347 4190 reliqionem,
359 4113 529 4188 Quintiani
544 4112 766 4188 constantium,
779 4113 864 4177 Galli
877 4113 1357 4202 modestiam,beniqnitotemque
1370 4116 1511 4179 cumulari
1523 4114 1662 4179 oidersrs
1675 4139 1685 4180 .·
1699 4136 1783 4180 nunc

153 4209 243 4281 eniti,
256 4216 292 4271 ut
306 4209 509 4270 bumanorum
522 4226 626 4272 rerum
639 4210 843 4290 despicientia
858 4211 1007 4290 Bonitos,
1022 4228 1184 4274 sacrorum
1199 4213 1340 4275 iocorum
1361 4214 1447 4276 cultu
1463 4213 1619 4291 Genesios,
1632 4231 1782 4279 reuocan-

151 4307 202 4373 dis
222 4306 263 4371 od
285 4316 401 4370 reatum
422 4308 511 4388 fidem
536 4309 635 4372 deuiis
649 4308 781 4387 Auitoe,
805 4306 1002 4372 subisoandis
1020 4311 1151 4390 inopum
1168 4311 1395 4374 calamitatibus
1411 4310 1577 4387 Sidonios,
1604 4311 1783 4378 uniuersum

152 4406 281 4486 denique
293 4407 529 4470 lectissimorum
544 4407 702 4490 quondam
717 4407 884 4486 proesulum
898 4418 1050 4490 senatum,
1065 4411 1226 4473 Arvernia
1237 4430 1299 4474 sues
1311 4414 1465 4475 uirtutum
1479 4421 1602 4476 tuorum
1612 4412 1783 4478 luminibus

129 4503 132 4507 ’
152 4505 360 4588 exemplisque
381 4525 555 4569 renovaris.
573 4508 757 4589 Quanquam
777 4509 840 4571 boc
857 4527 877 4569 o
896 4525 942 4570 me
963 4526 1124 4590 quorsum,
1149 4511 1204 4593 qui
1219 4529 1274 4576 neo
1289 4511 1394 4575 londes
1412 4520 1481 4576 tuos
1494 4512 1627 4577 scribere
1642 4516 1781 4591 institui,

152 4607 248 4669 nessi
263 4607 364 4681 eelim,
377 4625 454 4686 opus
469 4607 593 4669 babeam
611 4608 774 4689 prosterito
788 4614 939 4682 retensrs,
958 4626 1028 4672 oum
1039 4610 1074 4672 in
1082 4619 1232 4690 promptu
1241 4612 1318 4686 sint,
1331 4630 1369 4674 oo
1383 4610 1630 4674 laudemomnem
1640 4613 1783 4685 rinconi.

131 4706 134 4713 '
153 4724 221 4787 quor
235 4707 269 4767 in
283 4712 312 4766 te
333 4714 388 4791 aut
401 4708 500 4770 Roma
513 4724 613 4788 nuper
627 4715 772 4768 venerato
785 4715 840 4783 est,
856 4713 913 4768 aut
927 4724 1013 4791 nuno
1025 4707 1099 4770 auio
1124 4708 1271 4787 suspicit,
1294 4714 1349 4768 aut
1365 4707 1447 4786 sorte
1460 4725 1517 4768 sua
1533 4708 1597 4770 luti
1608 4709 1783 4789 prudioanr

152 4808 396 4872 Silooneotsnses
422 4810 492 4872 tuit
507 4812 651 4873 Attamen
673 4808 746 4871 lsinc
770 4808 872 4884 uides,
898 4806 1109 4872 illustrissime
1130 4807 1314 4884 cardinalis,
1339 4825 1401 4886 qua
1426 4806 1541 4885 fiducia
1566 4807 1786 4885 benevolentia

153 4907 452 4991 approbationisque
473 4914 533 4969 tues
543 4906 745 4971 vernaculum
759 4905 817 4969 tibi
831 4924 867 4968 ac
888 4922 964 4987 pene
975 4905 1176 4968 domesticum
1191 4922 1302 4967 munus
1314 4900 1495 4974 colubram:
1512 4911 1548 4966 ut
1561 4922 1631 4967 cum
1646 4909 1784 4970 nominis

153 5011 202 5073 tui
217 5009 430 5073 studiosorum
444 5017 573 5071 conatus
596 5025 699 5071 omnes
721 5005 849 5087 bsniqne
864 5005 1026 5085 complecti
1047 5006 1162 5079 soleas,
1180 5005 1367 5086 proeoipuam
1391 5008 1492 5064 tomen
1513 5003 1648 5068 Sidonio
1671 5017 1784 5068 nostra

151 5112 287 5191 qratiam
300 5118 348 5174 tat
359 5110 418 5174 tibi
430 5111 609 5172 nominibus
623 5110 748 5172 addicto
763 5117 793 5172 et
806 5115 988 5171 consecrato
1002 5107 1105 5172 deberi
1120 5109 1284 5189 confidam.
1300 5107 1411 5184 itaque
1425 5121 1463 5165 ns
1474 5106 1566 5168 istam
1581 5107 1707 5186 quidem
1724 5117 1782 5170 tara

152 5216 231 5281 lenti
245 5224 318 5299 post
336 5224 384 5281 tot
396 5234 498 5281 annos
511 5215 609 5298 officii
625 5214 815 5289 torditotem,
832 5231 870 5275 ns
882 5212 958 5276 mibi
969 5210 1082 5297 baudi
1095 5213 1135 5275 sit
1150 5212 1345 5292 pertimesco,
1368 5224 1436 5268 oum
1446 5206 1569 5287 p'ooilem
1581 5210 1718 5284 centum,
1732 5224 1786 5271 osa

152 5318 275 5383 leudem
286 5320 406 5401 potius,
422 5317 459 5380 ssi
480 5316 588 5397 tollor,
600 5315 725 5397 judicio
738 5322 792 5376 tuo
805 5313 965 5377 relaturus
978 5312 1107 5381 uidear:
1122 5329 1210 5392 quem
1230 5305 1385 5383 intellipes
1398 5304 1456 5368 isac
1473 5305 1542 5386 ipso
1554 5310 1665 5371 ueteris
1684 5308 1789 5371 debiti

151 5416 343 5503 professione
355 5416 518 5500 antiquam
540 5422 570 5481 et
591 5418 785 5489 constantem
802 5413 836 5476 in
856 5411 906 5474 tul
921 5410 1120 5474 ueneratione
1143 5414 1234 5488 atque
1247 5402 1391 5481 obsequio
1405 5406 1668 5480 perseuerantiam
1687 5405 1787 5469 aecio

152 5535 236 5584 ΜΝ.

314 5595 480 5707 *gs-0*
544 5538 760 5657 'ss.a.r'‚,
817 5546 820 5567 ἰ

761 5732 765 5737 ’
837 5774 840 5779 -
904 5730 971 5793 ,Ἰ

1145 5664 1359 5729 mittissimus
1375 5666 1443 5729 lec.
1457 5630 1659 5743 Ssussonuus,
1712 5654 1717 5661 ’

1299 5766 1367 5829 Soc.
1382 5768 1457 5829 lesu
1475 5771 1582 5844 prosto.
