3810 6254
634 353 759 412 VICTOR
778 353 945 416 viratim.
962 355 1224 416 PRMGOHENA.

701 580 785 628 tutto
804 575 923 628 ΜΠΙΠΙ
947 579 1139 627 cendum.

96 652 801 997 VICTOR
852 746 1588 1003 ttlTENsls

605 1200 1217 1359 PROLEGOMENA·

772 1488 1057 1513 μοι-ιιι·-

515 1647 829 1730 EPISTOLA
867 1632 1320 1731 D'E'chntoult.

201 1782 359 1889 inspius
374 1792 544 1873 ‘Bertiselli
553 1782 676 1873 loanni
686 1807 923 1889 archiepiscopo
939 1811 1083 1875 Minotto
1105 1805 1284 1888 (illesione,
1299 1812 1446 1894 episcopo
1461 1814 1630 1876 Patauino.

124 1947 252 2012 Parum
264 1970 319 2033 eqo
328 1952 513 2033 prudenter,
530 1971 568 2015 ne
584 1933 686 2018 dicam
700 1964 810 2014 temere
825 1953 933 2034 secisse
947 1953 1055 2016 uideor
1068 1970 1173 2025 rerum
1186 1948 1371 2034 quibusdam
1381 1958 1446 2019 non
1457 1947 1535 2019 ¹eatis
1543 1952 1734 2035 iustisoesti·

73 2049 289 2131 Ιοᾳιοοιὺιιο,
308 2054 364 2134 qui
385 2054 456 2130 tibi,
455 2052 659 2136 amplissime
685 2054 828 2127 antistes,
848 2052 919 2116 siro
942 2053 1080 2115 omnium
1101 2042 1323 2116 humanissimo
1352 2060 1467 2133 possam
1487 2062 1559 2114 onte
1579 2050 1686 2117 οιιιιοο
1701 2038 1737 2114 cl

69 2159 325 2227 persecutorum
335 2152 558 2216 humanitatem
570 2172 688 2216 omnem
703 2153 885 2216 exuentium
901 2153 1024 2215 crudele
1033 2146 1255 2233 spectaculum
1267 2155 1319 2216 et
1306 2157 1536 2218 immanissima
1545 2161 1737 2237 pertractio

67 2252 131 2312 scie
153 2251 334 2329 imaqinem.
346 2236 583 2335 Resupitqusm
582 2255 709 2315 omnus
725 2266 791 2314 non
807 2241 901 2314 modo
910 2246 1044 2333 intueri,
1060 2251 1113 2311 sed
1127 2251 1219 2337 minti
1229 2252 1417 2331 reformidat
1432 2253 1534 2316 dicere
1550 2271 1736 2335 quacunque

65 2346 216 2410 exhibet
230 2349 378 2412 Historia
389 2340 513 2427 nostris,
527 2337 798 2414 sanctissimorum
816 2358 923 2431 nempe·
937 2355 1038 2414 onsns's
1055 2338 1177 2415 utatis
1172 2371 1210 2415 oo
1222 2354 1323 2415 itateu
1336 2352 1493 2417 leoninum
1509 2355 1734 2435 carnificinam,

63 2444 231 2519 dolores,
244 2447 387 2544 culmi
384 2448 694 2565 aquulessffisortee
710 2468 747 2513 sc
759 2451 911 2513 mortium
919 2467 1037 2532 penora
1053 2450 1285 2537 intolerabilia,·
1303 2452 1490 2534 retorseridat
1503 2454 1605 2518 dicere
1623 2452 1736 2516 barlea-

61 2562 200 2610 rorum
214 2546 328 2630 ultique
341 2549 533 2613 soeoientium
550 2539 778 2622 crudelitatem,
796 2543 1026 2632 episcoporum,
1048 2531 1256 2631 sacerdotum,
1275 2544 1470 2639 odiorumque
1486 2557 1647 2638 infinitum
1669 2575 1733 2618 nu-

60 2666 208 2713 merum
221 2651 270 2714 ito
280 2668 339 2732 pro
350 2653 475 2715 nomine
486 2653 563 2715 lesu
573 2660 753 2715 constanter
762 2648 953 2734 firmiterque
965 2655 1165 2735 potientium,
1178 2667 1211 2717 ut
1227 2658 1358 2720 tortor
1345 2676 1411 2738 epse
1423 2660 1514 2738 prius
1527 2677 1563 2720 oc
1578 2666 1732 2718 tormenta

60 2749 275 2814 οιιΰιιιιιιοι
289 2750 525 2835 ιιιῙιιοο,οποοι
543 2755 600 2836 qni
613 2771 648 2816 cc
660 2755 748 2834 possi
763 2763 856 2832 sunt,
872 2754 947 2823 licet
963 2774 997 2819 eo
1016 2774 1114 2839 usque
1132 2759 1267 2822 cruciati
1279 2760 1414 2840 merint,
1428 2768 1466 2822 ut
1482 2779 1544 2842 qno
1559 2761 1664 2822 minus
1680 2758 1735 2820 lsa-

61 2844 199 2915 cerm
213 2842 329 2917 otton
350 2846 392 2916 tit
404 2852 642 2935 perferendum,
659 2873 695 2918 ιο
712 2856 776 2919 rim
791 2859 891 2937 moqis
914 2863 1142 2921 tormentorum
1163 2869 1192 2921 ct
1217 2863 1414 2923 cruciatuum
1429 2862 1624 2925 acerbitatem
1639 2863 1736 2924 οιπιι·

59 2964 168 3018 rent.
191 2938 313 3041 lfferuln
316 2942 789 3048 ltllpusmodsatlletascliresti
804 2958 880 3022 tales
893 2975 931 3022 uc
942 2968 1049 3023 tantos
1060 2960 1226 3041 relspronss
1238 2970 1355 3024 nostre
1364 2966 1734 3043 auctoresetsnaqsstres,

60 3026 179 3121 liccat
189 3026 258 3121 sios·
272 3042 454 3148 ’ροοιιῖιιιιίιι
467 3058 659 3123 auctoritate
674 3060 860 3142 qruoissimo
875 3050 904 3124 s'i
920 3079 987 3123 non
1002 3052 1106 3143 oculis
1117 3065 1267 3147 aspicere,
1276 3050 1382 3128 animo
1405 3058 1485 3127 certe
1499 3071 1528 3125 ιι
1538 3065 1736 3144 capitatione

60 3131 278 3241 coenplectie
289 3152 445 3264 liceatque
455 3159 531 3226 mili
547 3150 717 3242 diqnitatis
729 3181 767 3225 ac
791 3150 921 3228 uirtutis
939 3173 1000 3227 tuoe
1012 3164 1205 3245 preconium
1215 3159 1334 3248 ⁶lacere
1333 3144 1496 3231 meditanti
1500 3172 1655 3261 ,quorum
1677 3177 1734 3264 no-

58 3264 171 3328 mista
185 3270 262 3329 sunt
274 3262 392 3359 scripta
408 3262 442 3326 in
437 3246 552 3337 calis,
567 3279 675 3325 corum
686 3261 864 3335 memoriam
878 3266 1041 3329 annalium
1063 3267 1274 3330 monumentis
1291 3237 1530 3331 commendolum
1543 3266 1664 3330 nomini
1678 3248 1732 3328 tuo

59 3379 283 3426 consecrare.
298 3345 385 3442 'Quos
407 3362 509 3442 ipitur
527 3380 593 3426 non
612 3364 734 3436 uidisti,
759 3365 844 3427 sides
859 3375 959 3435 tamen
981 3369 1037 3448 qui
1052 3376 1081 3431 et
1096 3370 1200 3450 quales
1217 3370 1383 3459 postulent
1389 3371 1606 3457 patrocinium
1621 3378 1731 3440 tuum,-

56 3462 169 3525 mdes
181 3478 282 3544 ᾳιιιιπ
297 3463 428 3544 dipsium
439 3463 482 3527 sit
494 3479 645 3543 pcneroeo
658 3465 804 3546 principe
813 3466 979 3546 porriqere
993 3469 1123 3550 afflictis
1138 3469 1310 3548 decreram,
1324 3475 1416 3552 atque
1426 3473 1503 3551 ¹opis
1520 3469 1734 3549 indiqentslus

58 3561 265 3644 opitulari:
279 3562 510 3644 quarn-diqnum
523 3563 642 3644 optimo
658 3563 804 3644 episcope
817 3564 982 3648 episcopos
992 3565 1053 3641 silei
1064 3566 1195 3647 similes,
1205 3569 1381 3632 sacerdotes
1394 3571 1614 3651 ministrosque
1626 3567 1733 3632 socios

54 3679 132 3748 pro
149 3661 283 3727 Giristi
296 3663 356 3744 qide
363 3679 542 3745 perpessos,
556 3663 687 3744 deniqne
696 3666 853 3744 suscipere
865 3686 876 3736 ,-
892 3683 986 3747 quam
998 3667 1129 3748 diqnum
1143 3668 1273 3749 denique
1287 3668 1420 3731 humano
1432 3678 1557 3750 pectore
1574 3668 1733 3745 ruissoli,

56 3766 158 3832 linem
171 3765 321 3828 erueres·
340 3764 511 3840 nominum,
527 3763 744 3829 laborantibus
763 3783 960 3842 succurrere,
980 3777 1009 3832 et
1024 3769 1207 3850 prasidium
1218 3769 1394 3852 petentilsus
1418 3770 1498 3833 nilsil
1511 3788 1635 3851 neqare.
1654 3771 1733 3833 Hera

58 3890 151 3936 cum
174 3865 286 3931 uideas
301 3885 367 3930 non
385 3887 440 3947 eqo
465 3865 572 3940 cades,
595 3883 660 3929 non
685 3864 824 3941 semera,
839 3884 906 3930 non
916 3887 1050 3944 recures,
1062 3888 1129 3932 non
1142 3871 1282 3947 uincula
1293 3888 1360 3933 non
1370 3871 1492 3950 reliquo
1501 3871 1733 3950 suppliciorum

58 3988 201 4055 qenera
213 3987 358 4050 propono
372 3968 494 4041 oculis‚·
510 3967 563 4030 sed
577 3985 647 4067 quae
659 3978 774 4030 mutuae
787 3971 949 4034 caritatis·
945 3989 986 4034 ac
1004 3970 1222 4035 leneoolentiae
1233 3969 1373 4049 exempla
1387 3969 1477 4032 nolis
1489 3971 1606 4050 passim
1617 3986 1731 4032 occur-

59 4081 162 4138 runt
178 4074 216 4135 in
238 4071 295 4134 lsac
312 4071 483 4143 Historia,-
498 4076 590 4152 atque
606 4089 639 4133 eo
652 4087 798 4152 propono
817 4070 977 4146 libentius,
993 4088 1061 4133 non
1075 4080 1139 4134 tam
1139 4071 1241 4161 qued
1261 4073 1366 4134 omnin
1380 4080 1413 4135 te
1434 4071 1533 4151 dique
1547 4072 1623 4142 sint,
1638 4088 1731 4152 quam

62 4173 169 4263 quod
195 4167 343 4255 majorem
366 4191 473 4238 eorum
496 4184 616 4256 partem
643 4173 784 4238 mumius
815 4174 910 4236 tuls'
906 4169 1081 4256 iaprimue
1108 4173 1243 4240 videare.
1268 4172 1395 4239 Utinam
1413 4189 1485 4235 sero
1510 4174 1537 4235 is
1550 4191 1606 4251 eqo
1623 4187 1730 4248 essem,

67 4278 131 4371 net,
148 4286 190 4342 tu
204 4277 263 4360 qui
272 4277 316 4339 eis
333 4283 361 4337 et
376 4282 514 4358 quantus
530 4292 646 4371 semper
657 4277 769 4358 rueme,
784 4292 853 4339 cum
865 4275 944 4340 sotis
959 4274 1079 4342 uideam
1092 4266 1298 4356 admirerque
1301 4273 1448 4350 maxime,
1463 4271 1540 4335 satis
1555 4271 1648 4334 etiam
1664 4287 1732 4352 quas

74 4391 139 4444 tuo
161 4389 238 4440 sunt
251 4396 316 4440 non
337 4375 429 4440 modo
446 4366 559 4451 dicere,
582 4376 636 4440 sed
652 4376 758 4458 dipnie
773 4373 927 4439 celebrare
947 4372 1093 4463 laudibus
1115 4359 1246 4437 dicendo
1257 4356 1406 4454 posstml
1426 4363 1489 4434 Sed
1508 4382 1575 4432 cttm
1587 4368 1731 4449 persequi

80 4479 193 4542 omnia
208 4496 273 4542 uon
287 4496 396 4559 queam
414 4478 510 4561 (quie
533 4480 615 4542 enim
629 4479 735 4541 omniu
745 4473 955 4559 'persequatur
972 4475 1039 4554 eius
1058 4476 1112 4556 qui
1132 4493 1198 4539 uon
1216 4456 1347 4538 nonoris
1365 4492 1489 4550 nomen,
1511 4462 1564 4533 sed
1584 4471 1731 4533 lunarem

87 4577 219 4658 adeptus
233 4577 277 4640 sit
292 4578 308 4639 l
324 4578 348 4659 J,
361 4586 470 4659 patere
485 4597 571 4661 oequo
583 4579 701 4654 animo,
714 4596 761 4640 me
776 4575 849 4640 bene
864 4575 965 4643 multa
977 4578 1139 4658 preterire
1156 4576 1314 4650 consulto,
1329 4594 1396 4657 quse
1412 4575 1447 4640 in
1459 4575 1558 4637 medio
1559 4573 1678 4660 positu
1700 4580 1730 4636 et

96 4687 223 4743 οοιπιιπι
239 4697 344 4744 omnes
360 4689 388 4744 et
403 4681 534 4761 mirifice
547 4680 691 4744 laudant.
708 4681 826 4742 Dicant
839 4679 898 4743 olii
909 4677 1107 4742 nobilitatem
1120 4677 1255 4757 pencris,
1272 4685 1452 4740 vetustatem
1465 4675 1604 4758 familia,
1617 4674 1730 4755 patriae

100 4781 213 4860 iuclqtc
222 4790 254 4843 ct
272 4787 439 4861 parentum
452 4782 578 4857 decoro,
592 4782 809 4861 coqnationes,
824 4781 978 4860 majorum
992 4778 1133 4851 nomina,
1146 4795 1274 4858 quaque
1286 4777 1326 4840 alt
1344 4777 1384 4840 iis
1395 4776 1631 4859 praeclarissime
1643 4784 1730 4854 qesta

110 4890 187 4952 ιιπι;
201 4901 236 4944 ec
246 4891 282 4945 tu
294 4881 436 4962 quamuis
454 4888 580 4942 tuorum
595 4882 660 4943 sint
675 4889 768 4961 atque
781 4898 909 4961 neuqua,
919 4880 1041 4960 respuis
1053 4888 1152 4941 tamen
1165 4888 1311 4961 tanquam
1325 4879 1549 4963 alienamque
1560 4874 1730 4956 quidquam

114 4986 180 5044 ιιιοιι
190 4991 284 5064 ροισι
298 4982 364 5046 nisi
383 4981 467 5063 'quod
479 4982 583 5045 uirtus
599 4983 675 5060 fecit
694 4991 793 5044 tuum.
811 4984 931 5045 Dicant
943 4982 1013 5059 alii,
1030 4991 1058 5044 te
1072 4979 1255 5044 Alexandro
1271 4981 1352 5045 Vm
1364 4980 1512 5059 pontifici
1528 4978 1663 5039 snuaeimo
1676 4996 1729 5042 ne·

115 5090 191 5158 polan
205 5102 280 5162 sese,
301 5091 329 5147 te
344 5085 440 5148 Petro
455 5084 622 5149 ostooone
635 5086 795 5150 cardinali
807 5085 998 5168 amplissimo
1016 5085 1250 5156 consobrinum,
1267 5092 1297 5149 tc
1309 5105 1327 5147 a
1340 5085 1507 5148 Benedicta
1521 5084 1608 5145 Xlll
1620 5085 1730 5164 ponti·

117 5182 274 5270 lesopttne
287 5178 482 5269 detiqaatum
496 5187 696 5268 episcopum:
714 5207 827 5269 maqna
837 5187 960 5271 quidem
971 5189 1034 5252 ieta
1045 5197 1130 5260 sunt,
1147 5188 1322 5268 sinqularia
1330 5203 1441 5267 prope,
1453 5194 1543 5266 atque
1559 5185 1635 5248 odeo
1650 5195 1727 5257 tua.-

116 5280 353 5355 teloneorum
371 5298 439 5372 quae
452 5286 549 5354 dicio
565 5289 686 5351 nemine
702 5290 780 5351 sotis
797 5291 933 5369 possint.
952 5288 1046 5351 Dicat
1060 5305 1248 5370 quaecunque
1264 5288 1343 5367 [acis
1358 5285 1514 5348 Patauina
1535 5283 1728 5347 celeberrima

94 5372 96 5377 ’
116 5384 211 5470 tlsitas,
222 5391 376 5457 bonarum
389 5389 508 5453 artium
520 5388 603 5453 sedes
618 5408 655 5453 ac
669 5391 834 5472 moqistra,
848 5382 900 5454 ccli
911 5406 1021 5472 praes,
1036 5389 1121 5454 dicat
1133 5389 1334 5452 seminarium
1353 5386 1438 5452 istud
1449 5387 1627 5450 litterarum
1638 5381 1727 5453 loun

113 5485 242 5574 littatuti
256 5496 456 5562 instituenda
467 5497 676 5580 aptissimum,
690 5497 774 5579 quod
786 5507 821 5561 tu
835 5494 996 5578 splendori
1010 5497 1150 5577 pristino
1166 5492 1392 5559 restituendum
1405 5493 1572 5572 suscepisti
1581 5513 1591 5563 ,·
1607 5478 1726 5569 steatitis

114 5592 223 5668 misen
239 5596 304 5659 ista
317 5614 485 5669 censemus,
499 5607 529 5661 et
546 5596 719 5678 majoribus
734 5598 827 5659 etiam
840 5595 939 5675 diqna
952 5595 1121 5667 laudibus5
1138 5603 1172 5656 ot
1190 5614 1249 5658 uos
1264 5613 1320 5658 nec
1334 5593 1541 5674 quodcunque
1557 5592 1591 5654 in
1605 5594 1637 5649 'te
1650 5594 1727 5648 cass·-

111 5684 189 5759 lette
198 5703 435 5777 estpropouere
447 5697 540 5761 nolis
552 5699 709 5770 uolumus,
723 5713 779 5759 esec
796 5697 870 5760 aliis
881 5695 1093 5760 demonstrare
1112 5698 1177 5762 uisi
1189 5697 1344 5779 quidquid
1358 5704 1403 5759 est
1416 5695 1595 5757 maximum.
1613 5689 1728 5754 Maeci-

10 5802 14 5961 ἱ
108 5795 510 5869 πιιόιιοπποιοοιοιιοιοι
526 5795 704 5875 easdemque
717 5794 917 5867 admirabiles
931 5795 1065 5860 uirtutes
1085 5798 1196 5880 ameni,
1217 5817 1287 5877 quc
1306 5795 1382 5860 sote
1397 5803 1459 5858 tua
1473 5799 1559 5872 sunt,
1580 5810 1647 5874 qua
1670 5790 1728 5877 idei

10 6010 17 6219 l
