3810 6254
135 311 226 389 rosso¹
276 376 282 383 ,
716 312 908 372 ceuuuuus
927 313 1164 376 usssuteusrs.
1203 292 1205 299 ’
1431 276 1435 283 ’
1490 286 1494 291 ’
1696 314 1760 372 tosa

132 442 179 498 pro
197 429 278 498 uratia
296 423 343 483 Dei
360 435 447 483 contra
467 422 600 498 Pelopiam
621 428 758 497 fortissime
776 430 915 486 dimicavit.
932 437 1082 493 Aeetaema
1107 437 1192 501 cupite
1214 434 1271 487 libri
1291 434 1323 488 de
1344 432 1414 489 Visis
1435 431 1595 497 illustribus3
1612 431 1658 485 set
1669 445 1700 484 aa
1712 448 1760 486 son

133 520 241 589 Scripsit
253 528 374 591 preterca
388 519 467 572 multu
484 518 535 573 alia
549 535 606 599 quse
621 520 677 588 ipse
695 530 874 576 commemorat
888 524 915 577 iu
969 533 1079 590 emtam,
1092 536 1136 578 aut
1151 537 1216 579 certe
1233 527 1268 580 ad
1282 542 1372 580 usuum
1386 542 1457 582 meas
1469 542 1519 581 uon
1533 532 1665 579 uenerunt.

617 677 797 745 suerrum
820 683 925 745 euim
946 684 1261 748 Luovuuutssusts

779 807 784 820 ‘
815 797 1078 906 eructatio..

821 951 1054 965 -ῌ

165 1013 310 1084 Sipebestm
324 1012 510 1068 Gesubluceusis
529 1013 599 1083 iulia
618 1014 644 1067 in
658 1014 780 1085 Catulopo
798 1030 845 1068 suo
857 1031 916 1083 cap.
971 1016 1087 1092 stadiae,
1108 1015 1133 1069 si
1157 1014 1226 1069 uelit.
1250 1008 1331 1081 Quem
1356 1009 1513 1085 Aspauinus
1537 1016 1686 1071 boeeeticurn
1710 1032 1761 1072 esse

129 1105 174 1184 bb,
185 1103 254 1156 bunc
265 1103 423 1158 Gennadium
436 1115 507 1157 uocat
521 1106 680 1175 episcopam,
694 1106 759 1159 sicut
773 1114 797 1158 et
812 1103 918 1159 Plotina
971 1104 1080 1159 ostendit
1099 1104 1207 1171 epistola
1221 1104 1256 1160 89
1275 1104 1309 1157 ad
1326 1101 1468 1157 Milesium.
1492 1104 1641 1159 dimittimus
1653 1106 1722 1175 quad
1734 1106 1759 1159 in

129 1189 155 1250 'a
174 1195 327 1265 Summaclro
345 1211 404 1250 eum
422 1197 534 1266 appellat
551 1198 697 1267 episcopum
718 1194 915 1251 Massiliensem.
972 1193 1081 1266 daupein
1089 1194 1175 1249 laudet
1184 1193 1314 1265 apatbimu
1327 1192 1373 1264 (a),
1381 1209 1455 1264 auem
1465 1192 1639 1268 Hieronymus
1653 1195 1757 1250 danaus·

130 1284 291 1356 Walalridus
309 1294 394 1340 auum
412 1302 469 1354 cap.
487 1286 522 1339 ΞΟ
541 1286 574 1341 de
599 1286 709 1355 Officiis,
731 1284 917 1340 Massiliensem
970 1294 1022 1338 tum
1039 1282 1071 1337 ab
1090 1283 1213 1355 episcopis
1232 1292 1351 1353 tunquam
1368 1281 1538 1355 Oripeuistam
1552 1286 1643 1340 asserit
1656 1283 1759 1352 epistula

129 1373 301 1445 otesbpterum
325 1376 461 1447 appellat,·
489 1381 553 1430 sicut
573 1384 597 1430 et
618 1375 734 1430 loannes
751 1374 916 1428 Tsitlsemius.
969 1379 1003 1431 ad
1011 1377 1238 1446 Ctesiphontemet
1246 1376 1352 1431 duuurut
1360 1380 1416 1450 ejus
1427 1378 1568 1447 apatbiam.
1580 1377 1760 1435 Muctenusille

130 1466 198 1531 Quin
216 1474 240 1519 et
251 1468 305 1536 ipse
315 1465 464 1520 Gennadius
474 1468 500 1520 iu
512 1466 637 1521 Coronide
651 1466 728 1538 ltrrjus
741 1467 835 1535 operis,
852 1466 918 1520 scri·
969 1471 1001 1522 de
1015 1469 1139 1538 pravitate
1148 1465 1285 1522 Gennadii.
1295 1465 1333 1522 tte
1344 1467 1377 1521 iis
1386 1482 1443 1537 qua
1453 1468 1480 1520 in
1489 1463 1651 1521 Gennadium
1664 1468 1761 1524 abaliis

129 1568 172 1628 pta
187 1575 234 1613 sua
249 1576 393 1620 recensens,
407 1558 590 1613 Massiliensem
609 1559 782 1629 presbyteram
795 1574 822 1612 se
837 1564 917 1623 uocat,
969 1559 1066 1626 intuetu
1080 1565 1150 1625 sunt,
1171 1557 1238 1610 idem
1251 1556 1299 1622 ait,
1314 1555 1401 1611 Codes
1414 1557 1604 1628 manuscriptus
1615 1556 1722 1628 (iuquit)
1736 1560 1760 1611 in

130 1651 234 1716 ideoque
257 1660 281 1702 ct
301 1666 347 1702 uos
369 1649 436 1702 irunc
461 1650 500 1703 iili
518 1649 621 1703 titulum
641 1660 761 1717 tanquam
783 1648 919 1719 penuinum
971 1647 1055 1703 Parca
1067 1648 1103 1702 sic
1118 1649 1247 1702 concludit
1257 1645 1408 1719 Catalopum
1418 1647 1554 1714 Gennadii,
1566 1652 1661 1703 amisso
1676 1650 1761 1704 Mauo

130 1741 313 1805 attribuemus,
337 1739 417 1793 donec
436 1740 599 1793 solidioribus
613 1739 773 1808 ‘urpumemis
793 1736 867 1791 nabis
886 1738 919 1790 de
970 1748 1045 1801 rato,
1070 1755 1144 1809 auem
1166 1756 1211 1794 nos
1232 1748 1358 1808 postremo
1375 1739 1431 1793 laco
1451 1738 1573 1794 babemus
1595 1742 1622 1793 in
1645 1741 1762 1810 operibus

129 1813 182 1882 alio
194 1831 257 1900 fides
271 1831 339 1899 [ncta
359 1830 455 1899 luerit:
474 1844 534 1882 nam
546 1830 590 1899 qui
604 1829 751 1900 episcopum
763 1828 842 1899 luisse
855 1829 919 1884 scri·
934 1824 956 1883 B
971 1828 1156 1905 llieroupmits
1170 1825 1224 1898 Epo
1238 1824 1385 1883 Gennadius
1400 1826 1525 1883 Massiliae
1541 1829 1658 1900 presbpte
1667 1851 1685 1893 ·,
1697 1833 1759 1884 scri-

131 1922 208 1986 bum,
231 1922 329 1992 decepti
350 1920 467 1974 uidentur
488 1921 655 1975 similitudine
678 1921 789 1977 nominis
809 1922 922 1992 epicopi·
971 1920 1011 1988 psi
1023 1920 1144 1972 aduersus
1162 1934 1248 1973 murus
1260 1917 1368 1972 bereses
1386 1918 1464 1972 libros
1478 1918 1511 1983 8,
1532 1929 1555 1972 et
1568 1919 1694 1974 ediusus
1709 1920 1761 1974 abe·

128 2006 416 2079 Constantinopolitaui,
435 2011 477 2064 cui
485 2012 546 2066 item
557 2028 646 2066 nomen
660 2012 708 2082 suit
721 2011 876 2077 Gennadius,
891 2013 923 2066 tls
970 2012 1077 2073 utorium
1098 2011 1174 2065 libros
1193 2010 1225 2079 li,
1249 2020 1272 2064 et
1293 2010 1415 2064 adrersus
1434 1997 1569 2080 Pelagium
1590 2009 1669 2064 libras
1688 2011 1716 2080 5,
1735 2019 1759 2067 et

129 2115 179 2170 pus
193 2109 277 2152 nister
295 2100 338 2154 laic
353 2100 500 2156 Gennadius
515 2118 573 2173 cap.
592 2103 628 2158 90
648 2105 711 2174 apii.
736 2102 818 2157 l'lane
838 2112 923 2158 autem
972 2112 1094 2157 tractatus
1109 2105 1140 2158 de
1160 2102 1231 2158 mille
1244 2103 1334 2167 dereris,
1355 2101 1388 2156 de
1408 2102 1560 2173 Apocalypsi
1580 2103 1612 2157 tt.
1627 2101 1758 2170 launum

107 2252 115 2263 ¹
129 2191 278 2248 Gennadius
298 2195 340 2246 tric
359 2204 445 2248 noster
469 2209 527 2246 cum
544 2193 646 2264 judicio
668 2194 789 2264 lependus
803 2204 850 2260 est,
872 2209 922 2247 nau
971 2203 994 2248 et
1007 2193 1054 2247 lroc
1068 2209 1133 2263 opus
1147 2194 1178 2248 de
1188 2193 1240 2261 pide
1252 2206 1307 2246 mea
1320 2192 1378 2246 misi
1394 2190 1429 2245 ad
1443 2190 1574 2246 Gelasium
1588 2191 1660 2247 urbis
1674 2192 1761 2248 nasse

130 2283 211 2336 salum
229 2285 296 2353 quod
309 2284 363 2351 ipse
379 2284 515 2355 scriptores
529 2285 626 2354 aliquot
650 2285 690 2338 bic
704 2285 793 2353 probet
807 2300 870 2347 arros
883 2301 923 2338 se-
972 2284 1145 2354 cpiscapnm.»
1159 2282 1210 2336 Mic
1224 2282 1365 2336 natandum
1377 2289 1425 2349 est,
1436 2288 1463 2335 ut
1476 2289 1584 2348 cousut,
1597 2297 1657 2336 eum
1669 2282 1764 2335 librum

130 2375 244 2442 pm-bauit
261 2374 392 2442 Ecclesia,
413 2378 589 2431 verumetiam
609 2378 677 2446 quod
689 2392 706 2432 a
719 2379 853 2433 cutbolicis
866 2380 924 2448 qui-
972 2375 1016 2445 qui
1030 2374 1055 2427 in
1072 2372 1187 2427 antidoto
1205 2379 1295 2425 curura
1315 2372 1420 2424 bareses
1442 2370 1545 2438 ponitur
1562 2369 1761 2426 contradens·

131 2468 176 2520 bus
186 2470 236 2520 laiss
258 2486 305 2539 pro
324 2472 408 2524 studia
427 2471 551 2525 nonnulla
571 2473 632 2527 liuic
647 2460 800 2528 allisanus
819 2475 924 2530 medeln
971 2464 1050 2530 ism,
1065 2479 1119 2519 ⁶⁸⁸⁰
1135 2460 1269 2525 Ummidii»
1285 2476 1334 2514 ’ΝΜ
1347 2457 1459 2526 ῧθῑαῑῖῖὶ
1478 2469 1503 2516 0⁸
1515 2459 1603 2530 ΜΗ*
1616 2461 1699 2532 ΡθΜἹ
1711 2477 1765 2515 ‘⁸⁸⁶

131 2558 224 2626 pratia,
238 2562 342 2627 amad
355 2562 438 2633 ipsum
448 2560 610 2617 Gennadium
623 2581 673 2618 nou
688 2567 823 2635 pestium.
845 2563 923 2622 1400.
972 2555 1117 2609 immutatio
1141 2555 1292 2619 nominum,
1316 2553 1378 2622 quia
1399 2551 1549 2607 Gennadius
1573 2553 1608 2607 ad
1631 2551 1761 2608 Gelasium

131 2667 179 2718 pue
192 2668 244 2721 quo
256 2655 356 2708 cautius
371 2671 427 2708 eum
443 2655 521 2709 lectar
535 2656 661 2711 eundidus
677 2657 761 2727 lep-rt,
774 2658 806 2712 de
819 2668 924 2731 utraque
972 2644 1093 2715 'mimi-⁶
1104 2651 1128 2697 θ*
1146 2643 1256 2697 ‘imm'
1268 2644 1295 2697 5⁸⁸
1308 2642 1374 2697 blm
1387 2651 1474 2697 “⁰⁸¹'0
1487 2642 1610 2696 ⁰mb⁸⁸¹l⁰⁸
1626 2658 1681 2698 ‘⁸⁸⁶
1695 2642 1760 2699 (Μ’

132 2745 200 2812 quod
214 2744 326 2799 dicimus
337 2762 470 2799 censuram
481 2746 523 2800 bie
537 2746 702 2817 subjiciemus
713 2749 923 2816 prestantissima
972 2734 1077 2789 ”adium
1091 2742 1243 2799 mimum»
1258 2742 1281 2788 Ν
1291 2735 1400 2803 ll⁰⁸5¹⁸m
1415 2732 1586 2799 utillimum·
1600 2734 1660 2803 (Ιώ
1673 2733 1761 2790 Hm·

132 2832 185 2885 siro
198 2849 229 2888 ac
242 2834 390 2905 praelusimus
410 2835 543 2906 stempas,
567 2834 619 2889 οη,
637 2835 674 2891 tt,
700 2837 737 2891 Ν,
751 2836 847 2892 mmm
862 2837 923 2893 tto.
972 2827 1022 2879 euti
1033 2825 1110 2895 pidem
1123 2824 1276 2894 approbarit
1289 2821 1417 2886 Gelasius,
1431 2839 1481 2877 nou
1495 2821 1634 2890 Gennadii,
1651 2837 1679 2878 at
1691 2825 1759 2880 ride·

132 2921 202 2986 lano,
220 2922 384 2979 bononiensis
402 2925 528 2996 pontificii
545 2942 576 2979 ae
590 2928 653 2994 repii
669 2926 791 2982 labrorum
810 2944 922 2995 censore,
974 2916 1032 2970 ΕΜ
1045 2914 1195 2970 fl⁰l¹⁰l⁰¹¹¹⁸
1215 2915 1248 2967 ⁸5¹
1271 2914 1370 2983 ΡΜ*
1391 2919 1514 2982 ‘bibliam
1535 2915 1759 2979 '’ild''“m‘ttltms

133 3026 207 3079 uuum
218 3013 261 3067 ille
273 3014 346 3068 nabis
359 3021 406 3084 pra
420 3031 468 3070 suo
483 3032 544 3086 erpa
554 3016 695 3072 Ecclesiam
706 3019 856 3074 eaxtattrau
869 3029 925 3076 stu·
972 3008 1038 3064 Mill
1049 3008 1231 3062 meditatim
1245 3005 1320 3059 ’ΨΜ
1330 3003 1392 3060 ΗΜ
1405 3003 1437 3077 ‘b‘
1454 3002 1636 3058 Esilsslwffl'l
1647 3002 1759 3078 Qum·

132 3102 175 3155 uu
188 3103 319 3167 imparatae
339 3105 458 3176 arquatae
471 3090 518 3162 iu.
534 3106 610 3174 Quat
622 3117 707 3163 sareu
719 3108 760 3163 ure
772 3108 923 3168 cerneum
973 3102 1050 3156 titu-
1073 3100 1143 3157 Saue
1160 3099 1218 3154 eoa.
1233 3114 1281 3153 us.
1300 3098 1327 3151 ia
1347 3095 1431 3152 Puro
1445 3097 1472 3151 iu
1494 3095 1615 3168 cecrops
1635 3095 1762 3152 Gauii

133 3193 340 3259 caesurarum
352 3196 485 3250 carrorum
500 3197 604 3265 tumlti
617 3199 649 3252 ae
662 3200 752 3269 psum
765 3202 792 3256 ru
805 3204 917 3272 opsecro
934 3171 957 3233 ⁰
972 3194 1045 3248 babet
1056 3193 1135 3246 natta
1146 3190 1346 3255 medicamenta:
1361 3203 1443 3257 uroeu
1456 3187 1523 3242 euim
1536 3188 1604 3255 aaut
1616 3186 1762 3241 Gennadius

133 3280 255 3352 Processi
266 3295 289 3338 et
306 3285 401 3340 ldilarii
415 3289 529 3357 predata
545 3290 610 3343 libes
625 3290 656 3345 de
667 3290 793 3346 hednae.
809 3295 919 3349 Sancto.
972 3284 1034 3338 dicit
1047 3284 1079 3337 de
1088 3282 1228 3354 Augustino
1238 3295 1247 3335 .·
1259 3297 1269 3332 s
1279 3277 1571 3348 Licetenimcapucibus
1582 3277 1763 3332 dubitationem

133 3386 190 3427 sum
204 3384 227 3426 et
239 3373 311 3428 llouo
330 3379 524 3444 persecutionis,
539 3389 606 3447 patet
622 3380 648 3433 iu
664 3381 719 3448 ejus
731 3378 853 3452 Catalopo
861 3399 871 3447 ,·
890 3391 918 3437 uu
968 3376 1001 3430 de
1012 3375 1133 3429 abortivis
1154 3374 1261 3444 smeret,
1276 3386 1347 3427 esras
1359 3377 1442 3425 tamen
1456 3369 1528 3425 illius
1541 3386 1658 3424 nemone
1668 3371 1760 3426 multo.

132 3463 201 3516 enim
219 3464 332 3518 omittam
352 3466 420 3535 quad
439 3467 566 3538 Rudinum
584 3486 607 3524 c.
630 3470 662 3524 ll
678 3469 836 3541 Hieronymo
853 3489 920 3544 prun
968 3476 997 3521 ut
1013 3467 1131 3534 superius
1145 3465 1211 3532 diui,
1223 3461 1446 3519 contractuslucta
1459 3462 1568 3517 bostium
1581 3472 1762 3534 esapqeratum

133 3553 219 3623 leem,
234 3564 258 3608 et
273 3555 360 3609 Seueri
373 3557 502 3629 dialopum
516 3576 573 3629 cap.
591 3560 624 3615 bb
644 3559 748 3628 laudet,
767 3577 841 3627 quem
855 3562 920 3625 Mie-
969 3554 1079 3612 necdum
1097 3558 1200 3612 lroesesis
1221 3556 1388 3627 questionem
1410 3555 1479 3610 dedit
1491 3573 1524 3622 ,s
1549 3555 1587 3608 sis
1607 3554 1684 3608 babet
1703 3556 1760 3610 cad·

133 3660 254 3715 ronpmus
272 3648 298 3701 in
314 3660 372 3718 cap.
388 3648 423 3703 bb
440 3646 598 3717 Eucbielis,
621 3660 715 3721 etpost
727 3668 786 3706 eum
803 3652 919 3711 Gelasiuu
971 3646 1106 3702 Pu'rcensis
1120 3647 1247 3716 scriptus,
1265 3646 1365 3700 omissis
1388 3645 1442 3698 istis
1455 3643 1558 3698 serbis:
1579 3643 1712 3714 ‹Eprepia
1724 3647 1762 3700 iu-

132 3735 274 3803 reprobat,·
291 3751 408 3805 expresse
430 3738 535 3793 damnat
561 3739 654 3794 librum
678 3740 801 3810 Prosperi
829 3752 920 3799 casura
969 3740 1042 3811 penio
1064 3746 1087 3792 et
1111 3738 1246 3792 excellenti
1267 3737 1353 3792 studio
1378 3734 1500 3789 Ecclesiae
1522 3736 1633 3789 seruiens
1662 3723 1762 3789 tutari

133 3826 302 3894 Gollatarem,
321 3839 346 3884 et
369 3831 458 3884 laudet
477 3829 644 3899 Gaesiunmu,·
661 3835 724 3889 item
744 3834 871 3890 Fauiam
891 3838 919 3892 tu
970 3829 1082 3885 beretici
1104 3828 1195 3892 libris,
1210 3828 1276 3881 iuter
1297 3828 1417 3896 impeturn
1442 3825 1610 3880 obsidentium
1628 3824 1762 3881 b'audalo·

132 3919 240 3971 materia
252 3921 342 3988 qratia
351 3928 375 3972 et
388 3919 461 3974 libeni
473 3921 583 3990 arbitrii,
594 3921 776 3979 cumGelasius
786 3935 920 3994 amansque
969 3939 1025 3976 sum
1036 3922 1063 3974 iu
1074 3921 1130 3989 ipso
1143 3920 1241 3976 dierum
1254 3933 1359 3973 suorum
1373 3917 1424 3987 line
1435 3917 1579 3983 respoudit,
1595 3927 1619 3970 et
1631 3919 1658 3970 iu
1674 3919 1762 3986 dedus·

132 4010 247 4075 damnet,
267 4009 372 4064 laudato
385 4010 523 4082 Prospero.
545 4013 619 4068 Sicut
633 4012 760 4069 Faunum
774 4016 920 4072 lunaticum
969 4015 1039 4070 sione
1049 4012 1124 4069 curn
1136 4014 1203 4066 iuuoe
1214 4013 1346 4074 carindia
1355 4025 1526 4082 perseamaus,
1540 4009 1659 4071 moritur,
1675 4007 1760 4063 tneo-

131 4100 241 4153 ostendit
254 4098 333 4154 loan.
351 4101 494 4157 Maaemius
508 4103 534 4156 iu
552 4105 602 4169 fine
619 4103 679 4159 libai
700 4106 741 4160 sui
759 4116 847 4161 cautru
865 4109 920 4175 epi·
969 4104 1042 4160 dosia
1065 4114 1088 4159 et
1112 4102 1292 4158 Valentiniano
1312 4098 1482 4171 rcpnamibuu.
1499 4117 1509 4151 r
1527 4096 1561 4150 Et
1581 4098 1613 4151 de
1634 4097 1764 4169 Prospero

132 4191 223 4245 stolum
237 4190 414 4261 Possessasis,
438 4203 462 4249 et
477 4192 569 4249 Petrus
591 4197 727 4261 diaconus,
750 4213 808 4251 cum
827 4199 880 4253 suis
892 4199 920 4253 in
954 4196 1006 4275 ,sic
1018 4196 1124 4250 adducit
1137 4195 1245 4263 scriptus
1257 4193 1329 4256 liber,
1343 4200 1476 4259 postquam
1491 4189 1556 4243 dicit
1568 4187 1722 4243 Cassianum
1735 4199 1760 4241 et

94 4338 97 4344 ,
131 4283 216 4336 libella
235 4285 271 4336 ad
282 4280 306 4334 F
309 4283 449 4356 ulpentium
470 4286 564 4350 misso,
586 4289 657 4355 quia
672 4286 808 4358 Fulpentio
822 4306 919 4361 appro—
971 4284 1127 4356 Prosperum
1146 4283 1281 4338 sententias
1300 4283 1441 4335 contrarias
1462 4281 1554 4334 babere
1576 4280 1609 4334 de
1630 4281 1716 4349 pratia
1736 4289 1760 4333 et

131 4373 206 4426 batur
221 4390 231 4427 .·
248 4384 337 4427 contra
356 4389 429 4439 quem
445 4368 572 4427 Faustum
594 4383 715 4443 tauquam
733 4379 830 4431 occulte
844 4377 920 4433 Pela·
970 4380 1048 4434 libero
1066 4378 1199 4432 arbitrio:
1223 4395 1232 4430 r
1252 4375 1303 4428 Mic
1316 4377 1391 4429 etiam
1412 4366 1524 4445 Prosper
1538 4382 1596 4443 post
1616 4373 1714 4425 obitum
1729 4369 1758 4423 8.

132 4462 214 4531 planis
246 4465 441 4516 consentientem
472 4466 600 4533 scripsisse
625 4463 791 4535 Fulperrtium
814 4479 919 4523 testatur
972 4466 1116 4538 dupustiui,
1131 4460 1414 4537 ejuscontrainimicos
1429 4463 1519 4533 praeire
1533 4460 1627 4515 Cicisti
1640 4460 1760 4530 minuat

137 4550 282 4606 Vincentius
302 4553 328 4607 in
343 4551 454 4621 Speculo
477 4555 619 4620 lsistoriali,
636 4556 680 4610 lib.
699 4573 752 4622 us,
776 4573 833 4626 cap.
855 4560 915 4615 lbi.
931 4529 1103 4620 ¹‘ecclisitn
1124 4563 1216 4625 etpost
1230 4551 1255 4607 F
1256 4564 1356 4607 austum
1367 4554 1403 4605 sic
1417 4553 1535 4606 subditur
1549 4552 1574 4603 in
1585 4549 1652 4604 libeo
1665 4550 1761 4617 scripto

62 4648 64 4652 ‘
134 4641 204 4697 Saue
217 4650 303 4695 contre
317 4643 468 4697 Cassianum
485 4654 510 4699 et
527 4642 671 4714 Faustum,
693 4648 836 4718 similesque
856 4666 917 4704 con·
969 4647 1135 4700 Parceusium
1157 4653 1181 4698 et
1197 4642 1438 4698 ueruteueuearum
1458 4658 1517 4708 cup.
1532 4640 1588 4696 86:
1610 4638 1761 4696 ‹Gasarius

131 4743 263 4804 preputium
285 4735 384 4788 ridetur
404 4736 586 4789 Arausicunum
608 4738 743 4791 concilium
766 4740 915 4809 meandum,
969 4735 1122 4790 Arelatensis
1145 4736 1289 4803 epscopus,
1301 4733 1338 4785 uir
1353 4733 1487 4786 sanctiate
1506 4742 1530 4784 et
1546 4732 1636 4784 uirtute
1650 4729 1758 4797 celeber,

132 4825 203 4889 imsu
217 4821 309 4877 Leonis
323 4824 407 4891 peiuri.
417 4822 533 4877 isidorus
546 4827 571 4879 iu
586 4824 729 4898 Cassiopa:
742 4847 750 4877 r
764 4827 917 4901 Fulpentius
967 4827 1068 4895 scr-'psit
1082 4825 1182 4895 eprepia
1196 4833 1220 4878 et
1239 4834 1312 4895 prata
1332 4823 1414 4889 ualde,
1430 4830 1454 4876 et
1471 4820 1604 4875 nronuclris
1616 4814 1759 4889 nemausis

132 4913 231 4983 scripsit
242 4913 274 4968 de
287 4913 369 4983 prada
384 4922 408 4966 et
421 4913 500 4967 libero
512 4916 616 4968 arbitria
626 4918 704 4970 libras
715 4917 916 4984 Responsionum
968 4918 1110 4985 spurcata,-
1129 4917 1264 4988 depretia
1284 4932 1382 4986 quosue
1404 4924 1427 4969 et
1448 4915 1526 4969 libera
1547 4914 1656 4968 arbitria
1680 4914 1759 4969 edidit

132 5011 234 5073 septem.
249 5000 282 5056 lu
292 5003 382 5070 quibus
395 5001 496 5056 l'auutb
509 5002 600 5058 Gallie
614 5003 761 5075 Mirepieusis
780 5007 849 5060 urbis
861 5008 915 5075 epi·
969 5008 1112 5062 testimonia
1126 5007 1318 5078 scripturarum
1332 5015 1356 5060 et
1369 5016 1516 5060 sanctarum
1532 5004 1640 5059 Puteum
1649 5005 1758 5078 judiciis

131 5110 218 5162 sapa,
233 5093 379 5165 Pelopiume
397 5094 515 5166 prauitati
537 5095 703 5149 consentienti
721 5096 846 5150 adnititur
860 5101 916 5164 ejus
967 5099 1085 5161 munita,
1111 5099 1155 5152 ubi
1175 5097 1247 5152 docet
1271 5097 1397 5151 barrrinem
1422 5097 1453 5151 de
1472 5097 1577 5169 proprio
1598 5097 1665 5151 nibil
1684 5112 1759 5168 apere

131 5186 285 5254 protundum
298 5184 427 5240 destruere
436 5184 694 5240 caltiditatem.›lmo
703 5186 850 5243 Gennadius
859 5189 915 5243 lau·
966 5188 1025 5240 barri
1035 5229 1042 5251 ,
1065 5189 1114 5242 uisi
1126 5204 1183 5242 eum
1204 5188 1289 5252 lirina
1307 5189 1390 5259 pratia
1414 5192 1563 5258 prmnenerit
1582 5189 1673 5260 :quod
1693 5205 1758 5260 epus

130 5273 175 5327 dut
192 5274 285 5327 librum
305 5274 470 5345 Euloptaeum
491 5275 605 5346 Petapii,
625 5293 698 5345 quem
719 5279 805 5333 libror
825 5288 913 5333 contra
966 5279 1040 5332 etium
1054 5295 1121 5349 pupu
1138 5277 1212 5333 b’eliu
1224 5294 1270 5350 pes
1286 5272 1370 5333 suam
1386 5280 1519 5350 epistolam
1540 5280 1716 5343 umbramen
1730 5281 1757 5333 iu

134 5358 286 5443 lutup'auos
310 5374 429 5430 tunquam
453 5366 599 5421 baereticnm
620 5369 700 5436 reiicit
726 5368 911 5440 Mieronpmus.
970 5369 1068 5426 La’iuis
1090 5371 1268 5443 promulpuoit.
1286 5369 1386 5425 floruit
1402 5386 1433 5425 eo
1451 5379 1564 5437 tempore
1578 5387 1628 5441 aua
1640 5381 1666 5425 et
1686 5369 1758 5424 Fau·

31 5498 37 5511 .
133 5453 200 5509 Mam
210 5457 245 5509 ibi
258 5458 362 5510 docetur
375 5475 459 5513 astruet
473 5459 599 5515 uoluntate
614 5462 717 5532 propria
727 5462 791 5533 sepi,
805 5473 828 5516 et
842 5480 914 5532 posse
966 5470 1031 5526 utus,
1053 5459 1188 5516 dirautasia
1202 5477 1282 5531 consp.
1303 5462 1467 5530 pubernunte.
1483 5479 1492 5512 r
1511 5460 1573 5514 lloec
1584 5461 1696 5531 scriptus
1716 5476 1758 5514 ca·

131 5545 317 5599 esselrmuiuem
332 5549 387 5601 siue
404 5558 519 5616 peccate,
534 5560 557 5603 et
572 5550 648 5618 facile
665 5552 786 5605 mandata
804 5552 850 5605 liei
865 5569 912 5605 cu·
966 5552 1026 5605 des.
1041 5548 1102 5606 tta-e
1117 5567 1166 5604 reon
1181 5551 1300 5604 uidentur
1311 5550 1438 5606 Geruradii
1462 5550 1507 5606 sed
1519 5548 1758 5605 castratictnotmtts

167 5650 209 5712 tat
227 5653 253 5707 ld
267 5665 321 5718 est,
341 5655 421 5713 liluos
440 5659 648 5717 Serrteutiaruru.
664 5660 689 5714 iu
710 5661 802 5726 mribus
819 5662 901 5719 :irrisui
915 5665 1024 5720 indiam
1039 5663 1199 5718 ricl'arulitur.
1216 5664 1287 5718 Eous.
