3810 6254
201 290 251 345 727
829 276 949 336 siccati
970 274 1197 369 tebtttunttts
1691 294 1695 299 ·
1782 278 1865 340 728

198 402 337 470 continet,
352 410 431 473 atque
449 400 500 456 alio
519 405 675 455 resonantes
689 406 826 451 mttrnture
839 403 947 447 neruos.
996 388 1142 461 Alncipin
1163 398 1190 446 st
1205 391 1296 447 tractis
1308 391 1406 447 saliens
1419 391 1566 447 enantibus
1580 392 1665 446 altum

198 496 274 552 ibant
288 493 448 564 pimpliades
461 491 570 563 puriter,
585 489 755 558 mediumque
769 497 874 541 noveno
1039 480 1179 536 liacutitnr
1190 489 1307 549 torrens,
1328 475 1447 554 ipsisque
1460 474 1600 555 aspergine
1614 483 1695 540 tectis

117 640 121 647 .
198 587 432 645 circumsistentes
445 582 605 639 umbrabant
620 589 738 653 syrmate
753 589 873 633 currum.
1038 569 1154 641 impluit,
1170 587 1202 629 ae
1216 573 1286 629 tollit
1299 583 1402 644 nauus,
1418 584 1447 632 et
1458 589 1531 648 sape
1542 576 1637 646 iocoso

197 679 299 734 Pendet
313 690 360 746 per
374 684 472 731 teretes
486 672 604 743 tripodas
618 668 778 742 Epidaurius
792 665 899 738 anguis,
1038 663 1117 720 Ludit
1132 665 1284 737 uanlragio;
1299 683 1360 723 nam
1374 676 1534 740 tempestate
1542 677 1651 740 peracta

198 769 312 824 biilusns
325 773 446 823 sanctum
458 780 506 838 per
515 764 583 820 colla
597 762 712 819 salubria
724 762 809 815 virus.
1039 755 1165 813 Destituit
1177 758 1294 815 reiiuens
1307 761 1403 816 missas
1416 763 1443 816 in
1459 762 1554 819 balnea
1566 763 1679 823 classes.

196 870 208 895 ι
225 859 273 913 ilic
286 868 313 914 et
326 857 466 914 crinisatas
474 855 601 927 jungebat
613 854 729 925 Pegasus
741 851 808 915 alas,
1040 848 1097 916 ipsa
1110 857 1198 906 autom
1210 850 1327 920 quantis,
1340 853 1436 921 quibus
1448 861 1492 907 aut
1503 862 1567 908 suat
1581 841 1645 909 iulia
1660 852 1824 913 columnis?

196 949 310 1005 Pormns
321 948 474 1019 doctiloquo
488 947 629 1003 iucundum
642 959 720 1001 crure
732 942 887 999 Creontem.
1038 937 1121 994 Cedat
1135 939 1247 1008 puniceo
1261 940 1392 1008 pretiosus
1404 942 1471 997 litor
1483 943 1512 998 in
1525 949 1603 999 antro

233 1039 266 1094 Ut
280 1054 340 1095 sese
349 1040 463 1108 jnnxere
476 1038 571 1103 ebori,
587 1036 723 1108 consurgit
733 1045 846 1106 uterque
1037 1030 1186 1102 Synnados,
1202 1042 1229 1088 et
1243 1032 1392 1090 llumadutn
1407 1036 1452 1106 qui
1467 1044 1555 1106 portat
1568 1036 1687 1093 eburnea
1703 1052 1768 1093 sata

197 1129 297 1186 Fratris
311 1132 338 1185 in
353 1130 508 1201 amplexus,
530 1128 577 1183 sed
593 1128 672 1196 paulo
687 1125 793 1194 segnior
806 1124 896 1188 Fran,
1037 1121 1135 1191 Collis,
1147 1134 1174 1182 et
1190 1126 1312 1182 herbosis
1325 1140 1384 1197 quae
1396 1136 1510 1183 ternant
1527 1142 1662 1185 marmora
1672 1131 1759 1185 renis.

196 1227 277 1298 392
286 1228 350 1280 lium
362 1225 443 1296 pudet
452 1220 628 1288 instabiles,si
637 1219 859 1291 surgat‚prodere
869 1217 985 1288 plantas.
1038 1216 1203 1274 &edentem
1212 1219 1267 1288 jam
1283 1220 1345 1274 noio
1360 1218 1457 1288 Paron,
1469 1218 1524 1290 jam
1537 1220 1601 1275 nolo
1613 1219 1758 1293 caryston.

196 1319 264 1374 'lum
278 1317 394 1373 Plroebus
409 1333 416 1369 ε
430 1315 489 1383 Quo
501 1314 608 1384 pergisi
627 1312 663 1367 ait
678 1329 685 1366 ι
699 1325 763 1366 num
778 1310 845 1364 lorte
858 1314 986 1363 nocentes
1039 1307 1124 1363 ililior
1137 1318 1179 1365 est
1188 1310 1271 1365 rubro
1284 1327 1344 1381 qum
1358 1310 1456 1381 pendet
1471 1325 1587 1382 purpura
1602 1324 1679 1368 saxu.

196 1411 301 1466 Baccire
316 1410 384 1481 petis
397 1407 520 1464 Titebasi
540 1416 567 1461 te
581 1413 671 1462 cretus
686 1402 805 1460 liebione
818 1415 915 1470 nempe
1038 1399 1071 1454 lit
1081 1413 1115 1455 ne
1126 1401 1267 1470 posteritas
1278 1400 1390 1469 dubitet,
1407 1398 1466 1472 quis
1478 1401 1601 1458 conditor
1615 1410 1720 1471 castet,

196 1501 318 1570 Abnegat
330 1514 391 1555 csse
404 1497 600 1567 deum3linque
613 1497 655 1562 iis,
664 1507 738 1565 rogo,
752 1494 862 1559 moenia,
875 1492 982 1562 linquet
1037 1488 1119 1546 Fixus
1131 1490 1156 1545 in
1173 1492 1282 1547 introita
1298 1491 1365 1562 lapis
1378 1502 1420 1548 est
1433 1510 1441 1546 a
1458 1492 1501 1549 inc
1515 1493 1622 1549 nomina
1634 1494 1723 1563 signat

196 1593 232 1647 Et
244 1606 348 1647 mecum
361 1605 437 1660 mage
449 1590 527 1646 ilecte
539 1599 629 1654 rotas;
646 1587 768 1660 despexit
780 1589 871 1657 Agave
1037 1581 1197 1649 ductorum
1213 1582 1260 1638 sed
1275 1593 1385 1654 propter
1397 1600 1475 1655 aqua,
1491 1593 1519 1640 et
1530 1585 1639 1656 vestigia
1652 1598 1746 1667 pressa

196 1684 234 1738 'lc
247 1684 348 1752 coiere,
359 1692 386 1738 et
400 1690 506 1739 nosmet
519 1681 622 1746 Niobet
638 1681 707 1751 riget
717 1678 781 1734 inde
792 1676 950 1747 superbum,
1037 1672 1120 1745 394
1132 1673 1198 1741 Quae
1212 1675 1279 1744 rapit
1290 1715 1297 1742 ,
1310 1685 1334 1731 et
1350 1675 1408 1731 iuso
1422 1675 1542 1747 deterget
1555 1676 1660 1746 gurgite
1674 1691 1785 1733 etenu-
1802 1689 1822 1731 ε

196 1773 313 1829 llnlnera
327 1784 366 1829 tot
383 1774 501 1842 patiens,
516 1781 581 1842 quot
591 1779 694 1841 spectat
706 1772 817 1841 pignora
829 1771 945 1828 ventris.
999 1757 1178 1822 libertatibus
1190 1768 1278 1837 paries
1291 1766 1390 1824 tabulis
1403 1777 1538 1824 crustatus
1548 1768 1581 1824 ad
1596 1783 1679 1825 aurea

196 1865 392 1934 optantemque
402 1865 469 1920 mori
483 1864 590 1933 grauius
603 1863 742 1919 clementia
756 1861 826 1917 bxit.
1037 1859 1119 1916 ‘lecta
1133 1863 1216 1924 venit,
1228 1860 1300 1916 lulm
1315 1861 1394 1918 nimis
1404 1861 1591 1918 abscondenda
1603 1862 1727 1920 metallo.

197 1956 310 2012 Poscere
322 1971 394 2026 saepe
408 1954 508 2011 malum
522 1964 581 2022 est,
597 1967 759 2023 sensumque
774 1952 874 2011 inicere
887 1951 984 2012 dolori.
1037 1950 1104 2008 Nam
1116 1952 1233 2022 locuples
1247 1953 1351 2010 lortuna
1363 1954 1459 2010 domus
1474 1970 1526 2010 non
1542 1969 1620 2027 passa
1631 1956 1741 2027 latere,

195 2046 255 2115 lpsa
269 2055 359 2103 autem
373 2056 436 2102 natu
449 2046 539 2101 occiso
554 2044 683 2100 Pentheia
702 2052 790 2100 mater
1037 2043 1148 2100 Divitias
1161 2045 1248 2116 prodit
1258 2060 1318 2102 cum
1332 2047 1372 2102 sic
1385 2060 1432 2103 sua
1446 2046 1562 2103 cuimine
1576 2048 1659 2105 celat.

195 2140 318 2210 Amplius
337 2147 366 2195 ut
381 2138 475 2205 iuriat,
491 2136 611 2209 nunquid
623 2150 722 2194 tesana
736 2136 823 2191 lutura
836 2134 896 2192 esti
1070 2136 1345 2209 line-postuma,
1357 2135 1553 2209 duplicemque
1565 2133 1849 2210 superventurum·

195 2232 265 2302 Ergo
279 2247 329 2288 nee
341 2232 442 2287 nonies
456 2229 539 2286 colles
552 2229 672 2287 babitare
683 2230 824 2295 calemus,
1037 2227 1168 2296 Porticus,
1183 2229 1239 2297 ipsa
1260 2229 1369 2299 duplex,
1392 2229 1490 2300 duplici
1512 2244 1565 2286 non
1574 2214 1686 2302 cognita
1700 2231 1855 2303 plaustro

195 2327 262 2383 cum
276 2328 359 2397 patris
370 2327 493 2384 exstincti
507 2326 631 2383 thalamis
645 2327 762 2398 potietur
771 2325 894 2391 adulter,
1037 2318 1153 2384 Quarum
1168 2333 1246 2374 ubam
1261 2320 1335 2375 molli
1349 2318 1506 2376 subductam
1517 2321 1619 2378 vertice
1631 2337 1724 2379 eunte

195 2417 289 2473 Frater
305 2427 445 2485 natorum,
460 2418 558 2486 conjux
574 2416 713 2488 genitricis
728 2415 885 2481 habendus,
1036 2415 1161 2473 obversis
1173 2415 1280 2487 paulurn
1295 2425 1448 2488 respectant
1462 2417 1589 2473 cornibus
1604 2419 1666 2474 aim.

195 2509 312 2565 Vitricus
322 2511 378 2579 ipse
391 2524 465 2565 suus.
480 2509 560 2565 cordi
574 2518 616 2564 est
628 2509 651 2565 si
660 2508 773 2579 iungere
785 2523 907 2580 gressum
920 2549 928 2572 ,
1003 2558 1006 2563 .
1036 2506 1095 2575 lpsa
1110 2506 1180 2562 diem
1192 2517 1282 2561 natum
1294 2507 1382 2562 cernit
1396 2506 1547 2563 sinuamine
1560 2507 1669 2571 dextro.

195 2597 296 2663 Dicam,
311 2613 362 2666 qua
377 2599 477 2667 pariter
490 2598 580 2654 sedem
597 2598 694 2654 tellure
706 2598 839 2654 locemus.
1036 2595 1135 2652 Fronte
1148 2596 1241 2652 ridens
1253 2597 1381 2664 medium,
1397 2596 1464 2653 lueto
1481 2598 1570 2653 uisura
1581 2598 1738 2654 cadentem.

229 2687 242 2726 b
263 2688 311 2743 list
322 2688 406 2755 iocus,
422 2689 518 2759 irrigua
532 2704 582 2760 qua
596 2704 664 2759 rupe
676 2687 811 2744 Garumna
824 2696 925 2749 rotate.
1035 2685 1093 2741 lion
1109 2686 1196 2757 perdit
1208 2686 1351 2758 quidquam
1366 2688 1436 2744 trino
1448 2690 1482 2745 de
1493 2688 1603 2745 cardine
1624 2690 1703 2756 coeli,

193 2778 227 2834 m
238 2790 275 2848 tu,
293 2781 338 2849 qui
349 2779 428 2835 simili
443 2779 554 2836 lestines
564 2782 592 2836 in
608 2796 714 2852 mquora
726 2779 802 2850 lapsu
893 2812 897 2824 ι
1036 2779 1069 2834 Ει
1080 2787 1166 2835 totum
1180 2779 1264 2834 solem
1279 2780 1366 2836 lunata
1384 2796 1430 2851 per
1440 2782 1506 2837 atria
1520 2790 1623 2838 serrat.

191 2869 271 2934 Etis,
283 2859 503 2927 curratallurani
516 2883 638 2928 muscose
652 2871 782 2937 saburra,
995 2866 998 2873 ’
1034 2872 1116 2929 Sacra
1130 2872 1289 2928 tridentiferi
1304 2873 1379 2928 louis
1394 2873 1438 2929 bic
1451 2882 1571 2929 armenta
1586 2873 1723 2945 prolundo

192 2961 250 3016 lam
266 2961 447 3032 pigrescentes
459 2963 558 3018 sensim
573 2962 736 3019 contenditis
745 2975 851 3018 amnes.
1035 2963 1180 3021 Pitarnacis
1190 2964 1322 3034 immergit
1332 2966 1453 3034 genitum
1472 2979 1598 3037 percussa
1612 2968 1701 3021 securi

192 3053 281 3110 Currit
294 3058 320 3108 in
334 3053 474 3111 adeersum
488 3055 531 3112 bic
544 3068 656 3125 pontus,
670 3058 808 3130 multoque
821 3070 930 3114 recursu
1034 3056 1151 3127 corpora
1161 3056 1346 3127 cornipedum,
1357 3067 1499 3128 certasque
1511 3057 1656 3114 rubescere
1666 3057 1757 3128 plagas

190 3143 312 3199 Flumina
325 3159 391 3213 ques
403 3145 521 3211 solvunt,
537 3154 565 3200 et
578 3147 680 3215 spernit
693 3156 720 3203 et
730 3147 941 3219 expeditundas.
992 3119 1018 3186 c
1032 3149 1185 3222 sanguineo
1197 3150 1231 3207 de
1240 3164 1303 3206 rore
1317 3160 1412 3222 putes:
1428 3158 1481 3207 stat
1495 3151 1617 3208 vulneris
1630 3150 1727 3207 berrue

190 3235 223 3288 Αι
235 3247 296 3288 cum
312 3245 462 3289 summotus
476 3234 613 3292 lunaribus
627 3237 800 3294 incrementis
1030 3239 1127 3308 llerns,
1142 3248 1170 3296 et
1180 3241 1278 3296 occisis
1288 3241 1353 3296 vivit
1365 3241 1468 3311 pictura
1480 3241 1628 3311 quadrigis.

189 3321 249 3391 ipsc
259 3322 392 3378 camnine
405 3337 469 3379 suos
484 3325 510 3378 in
520 3325 599 3380 dorsa
614 3326 743 3399 recolligit
758 3338 851 3394 aestus,
1029 3331 1158 3387 Ponticus
1172 3333 1234 3388 binc
1248 3341 1336 3388 rector
1352 3333 1503 3388 memoretis
1516 3330 1633 3405 cyzicon
1653 3346 1737 3388 artata

181 3404 322 3482 'Pracipiti
335 3412 417 3468 lluctu
430 3415 524 3484 raptim
540 3414 626 3485 redit,
641 3427 720 3488 atque
729 3418 837 3474 ridetur
1028 3421 1149 3489 claudie
1165 3432 1193 3479 at
1206 3424 1268 3480 irinc
1278 3423 1358 3479 sociis
1369 3425 1463 3480 consul
1476 3422 1604 3481 Lucullus
1616 3439 1696 3496 opem
1707 3422 1767 3493 lert,

190 3501 219 3556 ln
231 3502 329 3557 lontcm
340 3503 396 3571 iam
415 3516 469 3558 non
481 3504 590 3571 reiiuus,
606 3507 652 3561 sed
668 3507 771 3565 defluus
785 3510 834 3566 ire.
1028 3512 1243 3585 compulsusque
1257 3516 1335 3571 lamis
1350 3516 1505 3572 discrimina
1516 3529 1631 3593 'summa
1641 3517 1750 3583 subire,

189 3594 257 3647 'lum
272 3593 366 3662 recipit
378 3595 493 3662 laticem,
508 3598 629 3667 quamtis
642 3599 730 3654 rninor
743 3601 804 3666 iile,
819 3601 922 3659 minere
1028 3607 1132 3665 insidet
1144 3606 1255 3662 obsesso
1266 3607 1343 3663 miles
1359 3606 1552 3663 liitbridaticus
1566 3607 1663 3664 besti.»

189 3683 328 3753 Stagnanti
346 3686 381 3741 de
392 3685 473 3743 iratre
485 3700 573 3758 suerri,
585 3691 712 3760 turgescit
724 3697 750 3745 et
763 3688 820 3760 ipse
1027 3695 1125 3753 Fna'tat
1137 3697 1181 3752 bic
1190 3697 1297 3768 pelagos
1311 3698 1422 3753 Romani
1437 3698 1531 3753 militis
1543 3696 1634 3766 erdor,
1652 3708 1658 3734 ¹

191 3765 308 3867 θῦιιιο,
322 3771 495 3844 propriasque
508 3774 570 3831 broit
585 3779 635 3832 sibi
647 3779 735 3835 littera
746 3784 828 3855 ripas.
1027 3789 1062 3846 ct
1071 3789 1192 3845 ubertum
1207 3789 1315 3844 madido
1330 3799 1495 3860 transportat
1509 3804 1624 3860 corpore
1635 3791 1745 3846 siccam.

190 3851 245 3908 ¹¹⁰⁸
257 3867 325 3912 ¹⁰¹⁰?
336 3857 446 3928 stillim·
460 3864 506 3919 uni
521 3881 597 3938 mage
610 3873 747 3940 proximus
762 3878 833 3932 unde
846 3889 889 3935 est
1026 3881 1147 3952 liesuper
1160 3882 1187 3936 in
1200 3882 1308 3952 longum
1327 3883 1457 3951 porrectis
1469 3882 1564 3939 borrea
1581 3882 1660 3938 tectis

188 3942 268 4016 393
279 3945 390 4005 AEfflffi
406 3967 483 4008 ¹¹¹⁰¹¹⁸
495 3970 635 4026 rumpens,
651 3964 703 4017 alta
714 3967 868 4034 spectabilis
881 3984 955 4040 arce,
1025 3967 1169 4038 ctescunt,
1183 3980 1263 4044 atque
1279 3973 1373 4042 amplis
1387 3979 1531 4043 angustant
1544 3971 1678 4029 irttctibus
1693 3971 1764 4028 aedes

188 4033 252 4091 Plus
265 4040 352 4096 celsos
365 4042 503 4102 habiturus
518 4050 608 4115 beros,
629 4068 792 4127 vernamque
804 4071 936 4119 senatum
1025 4061 1084 4119 lluc
1096 4064 1186 4118 veniet
1199 4062 1291 4120 calidis
1304 4070 1432 4134 quantum
1446 4064 1522 4120 metit
1534 4063 1623 4120 sirica
1635 4063 1734 4131 terris,

186 4129 271 4195 Quem
284 4134 390 4201 generis
401 4136 525 4207 princeps
536 4139 662 4197 Paulinus
676 4145 784 4203 Pontius
797 4150 869 4216 niinr,
1025 4155 1209 4222 Quantnmrei
1220 4150 1347 4223 Calaber,
1357 4163 1485 4225 qnantum
1500 4155 1565 4211 colit
1579 4156 1680 4226 Apttlns
1693 4170 1762 4220 aeer.

185 4217 250 4273 ctum
263 4217 353 4276 Latius
368 4225 460 4292 patriae
473 4227 654 4285 dominabitur
666 4234 780 4297 ,ambiet
794 4241 855 4296 aitis
1024 4244 1129 4312 Quanta
1142 4244 1274 4301 Leontino
1285 4246 1412 4316 turgescit
1422 4245 1518 4302 messis
1532 4260 1640 4313 acesto.

184 4307 324 4378 lienibus,
338 4321 365 4366 ct
375 4316 453 4369 celsae
464 4319 644 4375 transmittent
653 4336 713 4377 aera
726 4333 823 4381 tttrrns.
989 4346 991 4351 ’
1024 4335 1158 4401 Quantum
1174 4334 1316 4407 ttygtonte
1325 4337 1495 4392 committunt
1507 4336 1627 4408 Gargara
1641 4338 1734 4402 seluo,

184 4397 301 4463 Quarum
316 4403 477 4461 culminibus
488 4408 599 4464 sedeant
612 4426 755 4471 commune
770 4419 899 4478 micantes
1025 4426 1106 4499 395
1119 4426 1264 4493 (intantum,
1277 4442 1338 4497 quae
1351 4427 1438 4482 tacitis
1445 4426 1570 4483 Cererem
1579 4407 1894 4485 ιιιιιιιιιιιιιιιιΐθῖ1

183 4489 293 4558 Pomm.
310 4492 352 4545 ru
372 4493 517 4560 ιιιιιῑιιιι
533 4508 588 4550 ιιι
601 4495 662 4553 utos
678 4497 800 4556 nerana
812 4517 903 4560 nurus
985 4480 1113 4591 ”arm
1127 4517 1292 4587 'capranna
1305 4517 1356 4573 crat
1371 4517 1502 4574 cerumar
1513 4518 1641 4585 steustn,

115 4660 117 4664 Ι
182 4580 240 4637 Νοιι
255 4583 335 4651 aries,
350 4599 403 4641 non
414 4587 467 4642 alta
481 4591 640 4658 strues‚tel
656 4594 794 4662 proximus
806 4612 896 4669 agger,
1025 4604 1093 4662 cnm
1105 4607 1211 4677 populis
1222 4608 1359 4663 bominum
1374 4608 1497 4679 glandem
1511 4610 1692 4679 linquentibus
1705 4611 1779 4668 olina

78 4747 85 4755 ἱ
181 4672 239 4729 Nun
253 4689 314 4744 quae
331 4677 476 4734 stridentes
490 4688 596 4751 torquet
605 4684 739 4754 catapulta
753 4688 879 4756 molares,
1026 4698 1107 4753 crrlra
1122 4698 1198 4768 iruge
1209 4699 1269 4755 datu
1280 4700 1335 4769 iam
1351 4703 1448 4757 saccula
1463 4702 1537 4757 inire
1553 4703 1674 4773 perirent

180 4764 233 4820 Scd
245 4782 295 4822 nec
303 4769 425 4871 testudo,
440 4786 490 4827 nec
503 4773 591 4841 vinea,
606 4791 657 4834 nee
666 4788 724 4832 rota
737 4793 859 4849 currens,
987 4796 990 4802 “
1062 4793 1183 4848 Porticus
1198 4794 1231 4848 ad
1245 4789 1349 4865 gelidos
1364 4804 1437 4864 patet
1452 4796 1515 4851 binc
1527 4797 1621 4852 natira
1636 4798 1749 4854 triones.

179 4855 237 4910 lam
252 4866 350 4964 pontus
357 4860 436 4916 scalis
449 4877 563 4931 unquam
575 4880 703 4934 quassare
718 4871 856 4927 valebunt.
1024 4883 1091 4940 liinc
1102 4886 1176 4941 calor
1187 4886 1320 4941 innocuus
1333 4887 1445 4942 tirermis
1459 4886 1618 4944 biemalibus
1631 4891 1698 4955 etit,

202 4949 331 5054 ¹cernere
340 4967 396 5022 gum
406 4954 500 5011 uideor
511 4972 571 5026 que
583 4960 639 5013 sint
652 4960 710 5026 tibi,
723 4962 819 5034 burge,
832 4969 929 5025 lutura.
986 4994 989 4999 ·
1024 4976 1214 5053 Atquelocum
1231 4988 1335 5048 tempus
1349 4979 1450 5046 mollit;
1465 4980 1564 5050 ‹patippe
1579 4962 1624 5036 iila
1637 4982 1722 5051 rigori

178 5040 279 5098 Diceris
294 5042 348 5109 sic;
364 5059 479 5117 namque
492 5046 631 5107 domusde
642 5050 753 5110 flumine
768 5069 894 5128 surgunt,
1024 5069 1090 5125 Pers
1101 5078 1142 5125 est
1156 5079 1217 5140 apta
1230 5070 1331 5140 magist
1347 5084 1408 5124 nam
1423 5068 1495 5139 quod
1509 5069 1574 5140 iugit
1589 5085 1638 5126 ora
1650 5070 1752 5134 leonis;

178 5132 404 5234 splendentesque
419 5138 513 5195 sedeat
527 5134 577 5212 per
590 5149 788 5216 propugnacula
804 5151 926 5209 merrom.
1025 5161 1089 5217 inde
1098 5160 1240 5230 lycaoniae
1254 5160 1356 5217 rabiem
1370 5148 1440 5217 male
1452 5162 1567 5218 sustinet
1578 5176 1660 5219 amre.

77 5280 80 5285 ⁴
177 5220 226 5276 lbc
237 5236 298 5280 cum
309 5238 420 5283 texatur
435 5228 516 5300 piceis
532 5231 702 5303 aquilonibus
713 5248 805 5308 aestus.
1024 5253 1139 5320 ttrcisat
1149 5255 1175 5308 iu
1188 5254 1307 5310 tltermas
1318 5252 1487 5322 lengeuenit
1501 5253 1690 5322 alimannie,

176 5312 311 5385 Serapem
322 5327 427 5388 asprata
443 5322 539 5386 latrare
556 5328 692 5398 crepidine
707 5345 803 5400 purnes
908 5375 910 5380 -
1024 5345 1057 5402 ct
1066 5346 1137 5402 eadit
1150 5347 1176 5401 in
1190 5356 1320 5412 mentem,
1334 5346 1485 5417 pamlisque
1498 5347 1733 5418 canalibusactus,

210 5478 224 5509 ἰ
244 5471 351 5528 Rectius
363 5476 419 5543 alii,
434 5476 485 5534 llic
499 5492 523 5535 et
536 5485 670 5541 crinisatas
685 5502 694 5542 .·
708 5498 834 5561 tanquam
848 5511 880 5552 ex
898 5499 963 5570 ipsis
1020 5505 1092 5570 siue,
1108 5516 1136 5561 ut
1158 5504 1303 5576 Gregorius
1326 5505 1359 5561 ad
1384 5504 1542 5560 hodiernum
1565 5503 1623 5560 lere
1644 5519 1745 5560 senum
1767 5504 1806 5569 lib.

172 5539 266 5611 ,P‘cili
278 5543 397 5602 Piinffbui
411 5558 496 5633 ⁰²¹³}
650 5629 656 5642 ‚
818 5636 822 5647 Ι
1017 5591 1063 5631 ιιιι
1078 5587 1227 5645 nnuctrpat,
1243 5577 1413 5633 borunoniae.
1425 5575 1500 5631 llunc
1511 5574 1583 5630 enim
1592 5574 1760 5632 bonomiam
1774 5579 1809 5638 tl't·

212 5612 289 5683 155
308 5614 321 5654 ᾗ
339 5614 498 5687 'lopotbesra
513 5625 703 5684 coabuennum
727 5630 833 5688 littrami
858 5646 885 5691 et
903 5638 961 5695 Ga·
1017 5655 1091 5701 crint.

175 5694 286 5784 munerat,
305 5685 350 5742 arbi
364 5690 441 5746 sitam
460 5694 575 5752 dirimas
594 5696 709 5770 Batrgutn
726 5703 752 5755 in
774 5705 831 5780 ripa
847 5707 958 5766 buranii
