3810 6254
140 261 190 318 obs
773 251 895 309 SlDOfo
913 254 1138 312 nuututttauts

140 379 212 434 l'ettr
225 379 343 445 nemine,
357 383 455 444 mente,
473 376 585 438 honore,
597 373 679 438 famu,

139 472 222 537 Natis,
239 481 252 508 ι
266 470 389 540 conjuge,
406 466 541 530 fratribus,
557 472 679 534 parente,

139 564 280 617 tlermauis
292 559 421 629 genitoris
433 567 513 627 atque
527 557 632 624 matris,

141 655 173 708 Et
184 653 197 692 ¹³
209 667 314 709 summe
328 649 486 719 patruelium
498 647 625 716 Camillo,

139 743 209 810 Quid
223 757 307 812 nugas
323 740 481 813 temerarias
495 739 586 807 amici,

140 837 210 903 Quas
225 834 323 903 sparsit
336 843 436 889 tenerae
444 833 521 902 jocus
533 833 663 903 y‘nreutae,

140 927 168 981 ln
183 924 296 980 formam
311 923 395 995 redigi
406 925 484 993 jnbes
498 924 603 979 libelli?

142 1019 278 1089 ingentem
290 1015 371 1070 simul
382 1025 410 1071 et
421 1025 532 1086 repente
546 1014 646 1072 fascem

140 1110 257 1168 Cerillari
269 1108 388 1173 inuidiae,
399 1121 425 1164 et
441 1111 528 1179 perire
538 1109 679 1166 chartam?

141 1203 272 1259 lfandatis
286 1202 411 1269 famulor,
427 1201 548 1258 sedante
561 1208 653 1268 tester,

141 1294 238 1350 Lector
248 1309 315 1363 quas
325 1294 435 1363 patieris
451 1293 495 1348 hie
508 1292 640 1348 salebras.

176 1386 234 1443 Non
249 1403 297 1442 uos
312 1387 445 1442 currimus
456 1401 579 1457 aggerem
591 1393 739 1452 uetustum,

141 1477 196 1534 Nee
214 1477 357 1548 quidquam
374 1478 506 1542 inuenies,
523 1477 567 1533 ubi
582 1477 702 1546 priorum

141 1569 271 1638 Antiquas
287 1575 355 1622 terat
369 1566 469 1622 orbitas
481 1567 581 1623 Thalia.

141 1661 200 1718 Non
215 1661 259 1716 hie
271 1661 424 1730 antipodas,
436 1661 577 1731 salumque
591 1661 712 1728 rubrum,

142 1751 222 1824 352
237 1752 294 1807 Non
310 1753 353 1806 bie
367 1754 533 1808 llemnenios
547 1767 675 1808 canemus
687 1752 775 1820 fndus,

141 1845 253 1900 Aurorae
267 1845 323 1900 faee
336 1846 419 1901 civica
434 1856 556 1916 perustos
573 1864 580 1903 :

141 1935 200 1991 Nun
214 1938 351 2001 Artaxata,
368 1938 444 2005 Susa,
458 1937 564 2004 Baetra,
575 1935 704 2007 Carrinas,

141 2025 200 2082 Non
211 2036 315 2082 coctam
327 2027 461 2098 Babylona
474 2031 634 2096 personabo,

141 2119 207 2187 Qum
221 2122 322 2191 largum
336 2123 415 2177 fluuio
430 2131 523 2191 patens
539 2124 656 2190 alumno,

141 2211 277 2269 Inclusum
289 2213 357 2269 bibit
370 2224 381 2252 ⁰
397 2213 458 2270 bine
472 2223 499 2270 et
510 2215 572 2271 inde
584 2215 697 2286 Tigrim.

141 2302 200 2360 Nou
215 2303 258 2359 bic
270 2304 387 2376 Assyriis
398 2305 495 2362 Ninum
511 2307 638 2377 priorem,

141 2397 200 2453 Nou
214 2398 298 2452 lfedis
310 2406 391 2467 eaput
400 2398 532 2455 Arbacem
545 2401 670 2469 prolabor
683 2415 699 2453 :¹

80 2542 86 2548 .
142 2491 287 2562 Necquam
302 2493 393 2558 diuite,
409 2507 470 2547 euin
482 2493 579 2562 refugit
598 2494 715 2562 bostem,

142 2585 217 2640 Arsit
231 2583 429 2654 Sardanapalus
439 2586 465 2638 in
477 2584 577 2642 fauilla.

142 2673 201 2732 flou
216 2675 315 2745 Cyrum
326 2676 450 2746 Astyagis
464 2677 559 2746 loquar
573 2685 705 2747 nepotem,

142 2766 276 2823 Nutritum
292 2768 375 2823 ubere
389 2783 469 2838 quem
480 2768 571 2825 ferunt
581 2769 688 2834 canino,

143 2857 226 2931 Cuy'us
240 2875 293 2914 non
310 2861 393 2914 ualuit
407 2861 581 2930 rapacitatem

141 2954 191 3010 Vel
206 2953 272 3026 Lydi
287 2955 387 3010 satiare
399 2969 464 3026 gaza
480 2955 582 3011 drusi:

143 3045 226 3117 Cujus
239 3061 289 3102 nee
303 3047 394 3102 feritas
413 3047 522 3103 subacta
536 3056 600 3102 tune
615 3056 667 3114 est,

142 3140 226 3199 eaesis
240 3142 358 3198 millibus
372 3153 503 3198 antaeum
517 3143 650 3200 ducentis.

144 4558 241 4614 nudius
256 4563 282 4616 lu
299 4562 397 4620 Fausto
414 4584 420 4619 :

143 4910 269 4971 distinete
283 4920 405 4974 meminit
420 4921 445 4975 in
489 4929 664 4993 ropemptico.

111 5001 114 5005 ·
178 4991 193 5020 ¹
211 4986 299 5068 Attica
314 4991 432 5047 nourine.
450 4991 486 5047 Ea
509 4995 580 5049 enirn
604 4997 709 5054 ridetur
723 4999 818 5069 dequa
837 5002 930 5059 Romae

143 5062 221 5136 yetus
243 5059 306 5113 olim
321 5073 377 5116 erat
396 5063 558 5133 epigramma
577 5066 603 5120 in
618 5069 730 5126 ecclesia
747 5071 776 5126 S.
792 5070 928 5128 Laurentii

143 5137 172 5178 ru
184 5122 312 5196 Parnaso,
334 5135 360 5186 ιι
382 5148 432 5203 qua
451 5136 542 5191 nescio
563 5137 627 5207 quid
648 5141 740 5210 operis
754 5155 805 5196 suo
819 5152 927 5213 sumptu

142 5203 354 5257 construxeratu

204 5286 319 5354 Quisquis
330 5294 402 5358 plena
413 5297 467 5348 Deo
476 5303 589 5363 mysteria
602 5308 685 5353 neute
697 5304 811 5367 requiris,

232 5351 286 5404 flue
294 5358 399 5408 aceede:
413 5361 498 5410 domus
509 5362 625 5425 religiosa
638 5371 712 5427 patet.

201 5411 404 5471 ttaesumteeta
431 5424 758 5488 iesemperdevotatfmori,

119 5506 138 5560 q
231 5476 398 5553 Additamque
408 5437 476 5534 deus
487 5487 621 5536 commodet
631 5489 670 5538 bie
680 5492 796 5550 precibus

118 5552 154 5576 a.
202 5537 236 5590 Er
280 5542 792 5618 lethiferosproperacorupescereseusuS,

215 5662 222 5671 ,
246 5613 284 5652 am
297 5618 400 5668 propera
409 5608 641 5661 saeraslaatnsudire
654 5614 728 5672 tores,

204 5662 235 5712 tn
246 5671 364 5716 transacta
376 5681 452 5730 queas
463 5669 588 5730 deponere
596 5676 694 5724 erlmiua
707 5680 772 5742 vitm,

232 5722 262 5775 Et
272 5728 388 5789 quidquid
397 5729 518 5781 scelerum
530 5734 617 5785 uerius
630 5750 698 5789 error
710 5739 792 5793 itabat.

143 3369 185 3417 est
194 3365 355 3487 qrooemium
371 3380 402 3421 ac
417 3368 497 3422 ueluti
511 3355 642 3438 praefatio.
660 3370 777 3442 flogarat
790 3375 860 3428 enim
876 3375 931 3429 Pe·

189 3501 195 3514 .
215 3432 343 3500 idonium,
361 3446 390 3491 ut
410 3440 543 3506 poematia
570 3455 629 3506 qum
647 3443 728 3496 variis
748 3444 932 3499 occasionibus

142 3515 296 3572 scripserat,
312 3507 339 3561 in
356 3507 433 3563 tinius
449 3509 508 3564 libri
523 3510 638 3565 formam
656 3513 788 3583 redigeret
800 3531 832 3569 ae

941 373 967 432 A
979 372 1008 428 fn
1022 372 1099 428 uallis
1109 370 1242 442 Scythicae
1256 377 1365 426 coaetus
1377 374 1477 433 artum,

983 463 1089 519 Orbatae
1100 463 1133 517 ad
1147 462 1270 532 Tomyris
1283 460 1387 516 reniret
1398 468 1496 514 utrem.

983 553 1040 609 Non
1060 553 1103 607 bie
1114 551 1258 620 Cecropios
1274 551 1345 620 leges
1359 549 1520 617 triumplros,

985 644 1031 702 Vel
1044 645 1068 700 si
1082 659 1135 715 quo
1146 642 1285 698 lfaratbon
1300 640 1378 697 rubet
1392 639 1498 705 duelfo;

984 741 1037 795 Aut
1050 753 1110 795 eum
1125 737 1208 792 millia
1224 736 1296 791 mille
1308 734 1474 789 concitarent

984 830 1104 886 inflatum
1120 827 1311 884 rrunreresitate
1321 825 1443 890 Xerxem

985 923 1073 992 Atque
1089 921 1160 976 bone
1175 917 1329 974 fluminibus
1343 916 1407 970 satis
1421 912 1561 985 profundis

987 1012 1136 1070 Confestim
1147 1011 1256 1068 ebibitis
1272 1010 1359 1065 adbuc
1370 1008 1459 1063 sitisse
1471 1024 1479 1073 ;

985 1107 1039 1162 Nee
1053 1121 1106 1161 uon
1116 1102 1320 1173 Thermopylas,
1336 1107 1365 1156 ιι
1378 1099 1464 1155 liellis
1478 1098 1575 1167 undas,

984 1199 1088 1268 Spretis
1102 1195 1226 1252 obicibus
1240 1194 1291 1249 soli
1306 1194 1421 1262 salique,

985 1293 1088 1349 insanis
1098 1291 1232 1361 equitasse
1248 1302 1308 1343 eum
1320 1286 1445 1351 catervis,

985 1384 1163 1454 Admissoque
1183 1383 1207 1436 in
1224 1381 1312 1436 Adron
1328 1386 1446 1435 tumente
1458 1387 1539 1448 ponto

985 1477 1063 1533 frrxta
1078 1474 1231 1530 frondiferae
1244 1487 1372 1528 cacumen
1385 1472 1454 1542 alpis

985 1571 1107 1640 scalptas
1125 1567 1256 1623 elassibus
1270 1566 1322 1621 isse
1338 1580 1384 1636 per
1399 1579 1540 1619 cateruas.

1022 1661 1101 1733 353
1116 1660 1172 1715 Νιι
1187 1657 1289 1728 ιιιιιιι
1302 1655 1483 1712 Garamantici
1495 1652 1628 1720 tonantis,

944 1752 969 1811 tt
983 1753 1081 1824 flegnis
1093 1749 1310 1822 principibusque
1324 1747 1528 1817 principantem,

988 1846 1127 1902 Porrectas
1140 1845 1211 1900 Asiae
1222 1845 1316 1915 loquar
1330 1843 1343 1880 ‘¹
1358 1854 1469 1913 paterno

986 1940 1080 1992 Aetam
1097 1936 1205 1990 fulmine
1225 1934 1376 2004 pervolasse
1390 1944 1485 1990 terras.

987 2030 1020 2084 Et
1035 2028 1148 2100 primum
1164 2026 1236 2082 ilarii
1251 2028 1442 2082 tumultuantes

985 2120 1129 2175 Praefectos
1148 2130 1322 2190 satrapasque
1332 2118 1500 2189 perculisse:

987 2214 1046 2269 llox
1061 2214 1148 2284 ipsum
1159 2213 1227 2269 solio
1242 2221 1346 2283 patrum
1357 2213 1514 2282 superbum,

988 2306 1173 2377 Cognatasque
1186 2306 1237 2363 sibi
1250 2306 1316 2362 deos
1335 2315 1501 2375 crepantem,

986 2399 1076 2471 Captis
1090 2400 1215 2470 conjuge,
1229 2399 1330 2463 liberis,
1344 2407 1465 2468 parente,

987 2493 1015 2547 ln
1029 2507 1109 2549 casus
1124 2492 1242 2548 bominis
1262 2492 1349 2548 redire
1366 2492 1481 2562 jussum.

987 2585 1038 2654 Qui
1053 2600 1114 2642 cum
1129 2586 1244 2641 maxima
1257 2584 1328 2641 belia
1339 2584 1510 2653 concitasset,

987 2681 1054 2739 Tota
1069 2689 1096 2735 et
1108 2680 1227 2736 Persidis
1241 2680 1359 2750 undique
1371 2689 1488 2750 gregatae

989 2775 1047 2832 Uno
1058 2775 1241 2831 constituisset
1255 2789 1330 2830 arma
1345 2789 1449 2844 campo,

987 2867 1043 2922 ιιοι
1056 2867 1142 2922 selum
1157 2866 1313 2936 perhibetur
1325 2874 1473 2933 assecutus,

987 2959 1152 3029 Dortniressut
1165 2959 1260 3014 ruelius
1274 2958 1372 3013 liberet
1386 2958 1467 3013 besti.

987 3063 999 3093 ι
1014 3052 1072 3108 Νιι
1085 3060 1178 3107 ιιιιιι
1188 3050 1289 3122 llinyas
1302 3052 1430 3120 loquente
1438 3050 1505 3106 silra

945 3134 968 3196 G
985 3143 1075 3200 Dicam
1087 3141 1216 3198 Phasiaco
1230 3144 1339 3198 stetisse
1352 3151 1441 3213 portu,

1044 3386 1124 3421 ιπιιι
1137 3384 1223 3422 marcus
1234 3387 1310 3422 ιιιιιιι
1321 3372 1453 3422 clarissima
1462 3373 1561 3434 conjux,

1055 3449 1058 3453 ·
1075 3433 1218 3495 Sumptibus
1230 3436 1277 3484 boe
1289 3438 1393 3498 propriis
1403 3436 1606 3499 edificavitopus.

143 3580 227 3629 earet.
244 3575 271 3629 fn
285 3593 337 3645 quo
351 3581 400 3632 etsi
420 3595 473 3634 nun
495 3581 634 3649 ignorabat
657 3599 735 3653 qnam
760 3517 933 3655 grauepflrkzt
1017 3538 1031 3578 b
1051 3539 1128 3595 Hunc
1141 3537 1229 3608 Magni
1244 3540 1362 3595 mnsuus
1383 3540 1473 3595 [mltis
1489 3540 1572 3595 mium
1588 3538 1881 3598 suissedmiuw

143 3641 223 3698 alieni
238 3644 329 3714 judieii
353 3650 437 3703 aleam
461 3651 560 3717 subire,
587 3652 664 3708 amici
690 3664 776 3711 tamen
797 3658 932 3712 desiderio

143 3713 239 3796 deesse
264 3733 316 3771 nun
331 3721 425 3789 potnit.
443 3722 534 3791 ltaque
556 3723 700 3779 editionem
721 3741 795 3780 snam
821 3731 931 3798 parendi

144 3785 232 3866 studm
243 3802 353 3845 eucrtsat
369 3809 375 3845 :
389 3793 458 3848 unde
471 3804 498 3848 et
512 3794 625 3849 carmini
638 3797 731 3852 titulus
746 3799 772 3851 in
794 3800 868 3854 fibris
884 3818 933 3855 an·
984 3822 1019 3878 pr

144 3864 224 3935 tiquts
240 3876 246 3909 z
264 3875 465 3917 excusaremus
477 3880 511 3918 ιι
529 3881 555 3918 t.
580 3880 605 3920 c.
630 3882 752 3922 ιιιιιιιι.
775 3869 849 3924 Felix
869 3874 932 3942 erg'o

144 3938 170 3980 rs
185 3935 227 3981 cst
243 3929 282 4010 ‚ad
306 3947 386 4001 quem
409 3934 510 4000 aliquas
533 3936 661 4004 epistolas
687 3938 819 4007 uidimus,
845 3941 931 4012 lfagni

143 3998 264 4053 consults
279 4015 312 4056 ex
325 4003 464 4072 llay'oriani
477 4006 556 4073 epulo
571 4008 626 4060 noti
640 4008 720 4072 filius,
735 4024 750 4061 a
764 4026 817 4079 quo
831 4022 857 4065 ct
870 4028 932 4082 eog-

144 4080 243 4123 nomeu
259 4072 335 4138 tulit;
350 4089 411 4129 nam
424 4076 533 4144 Magnus
547 4077 621 4132 Felix
631 4081 781 4147 appellatus
795 4087 846 4135 est.
861 4083 933 4137 Cen-

143 4136 187 4192 sul
201 4145 290 4195 ιιιιιιι
313 4160 365 4196 ntur
381 4146 445 4210 fuit,
463 4147 509 4201 sed
525 4147 667 4214 praefectus
682 4159 784 4205 tanturn
807 4156 934 4219 praetorio
984 4177 1016 4230 qq

143 4217 172 4291 et
185 4214 320 4279 patricius.
338 4213 413 4268 Prius
431 4216 501 4270 enim
517 4231 596 4285 quam
608 4218 642 4273 ad
657 4223 824 4275 consulatum
839 4237 933 4290 perue-

95 4306 98 4315 ·
143 4289 227 4344 niret,
241 4283 368 4336 saeculum
384 4284 524 4354 reliquitet
533 4285 684 4355 religiosam
698 4291 779 4345 uitam
794 4294 933 4362 amplexus

143 4356 195 4431 est.
211 4350 269 4416 Qun
291 4363 411 4421 ternpore
424 4355 555 4425 insignem
579 4357 611 4411 ad
628 4359 732 4428 ipsum,
757 4378 817 4428 quae
832 4374 930 4431 exstat,

143 4421 284 4487 epistelam
307 4424 416 4492 scripsit
439 4426 554 4482 Faustus
564 4428 706 4499 episeopus
720 4431 862 4504 italensis,
880 4451 932 4505 qua

143 4503 230 4557 nuper
245 4494 429 4567 ἁποταξαμινῳ
438 4497 606 4622 Σιιιιιιιιι
627 4498 740 4556 formam
755 4505 844 4560 tradit.
859 4507 931 4562 Geu-

320 4636 326 4646 ·
451 4568 548 4639 'cripuit
563 4577 651 4638 postea
665 4573 698 4626 cd
712 4571 824 4637 Felicem
838 4580 932 4650 praeye-

143 4637 212 4713 etam
222 4644 352 4700 preferre,
363 4644 386 4690 ιι
396 4639 512 4706 patriciae
524 4641 656 4710 dignitatis
669 4645 760 4710 airum,
774 4647 856 4717 filium
872 4651 932 4704 dfe-

143 4702 371 4776 ynseoneufs'ey'nm
381 4710 538 4778 religiosum,
552 4713 685 4780 epistolum
695 4717 728 4769 cd
740 4715 843 4772 flamini
858 4723 932 4775 time·

110 4784 118 4843 ι
142 4769 400 4857 ιιιιίιιιιιιιιιιιι,
417 4782 603 4835 connenientem
625 4788 738 4853 persenis
758 4787 833 4858 pleno
846 4792 931 4846 eninm

142 4848 316 4909 pendentium
334 4865 409 4919 apere
429 4850 616 4976 disssenentum.
639 4855 782 4929 Utriusque
800 4870 930 4929 praeterea
1019 4894 1031 4922 e

981 3609 1095 3680 epistola
1120 3609 1224 3675 ultima,
1242 3611 1288 3665 lib.
1303 3628 1322 3668 ι.
1345 3610 1400 3666 uos
1422 3612 1511 3682 llagni
1535 3611 1634 3667 Felicis
1660 3611 1822 3670 Enoodilii
1850 3629 1858 3652 ι
1897 3628 1905 3648 ·

983 3690 1084 3750 patrem
1099 3681 1264 3750 etrrty'eeinrus
1279 3682 1312 3736 ad
1327 3682 1440 3737 Ennodii
1453 3683 1596 3752 epistelam
1609 3683 1656 3750 25,
1672 3684 1718 3740 lib.
1732 3698 1768 3739 tr.
1780 3691 1882 3737 ,vt

1020 3762 1031 3790 ι
1053 3751 1108 3805 imo
1123 3752 1295 3818 Euphratem,
1317 3763 1346 3808 ut
1356 3752 1476 3809 tristertae
1492 3768 1585 3810 omnes
1602 3755 1721 3821 tradunt,
1744 3760 1847 3811 ets&

1020 3823 1138 3890 apertius
1156 3823 1202 3877 ttb.
1220 3838 1259 3877 nr.

1043 3932 1119 3983 Drrxit
1128 3938 1155 3983 et
1163 3933 1314 3996 Euphratem
1325 3934 1432 3985 medium
1442 3938 1483 3999 qui
1493 3922 1687 3989 mndtdnarcas

987 4034 1166 4163 dilala
1179 4039 1652 4180 lttltlutt‘ttldttlttt...
1665 4098 1897 4182 ιιιωυ

1018 4179 1162 4233 texandrum
1185 4203 1210 4236 κε
1228 4181 1378 4256 αυνοιόριν,
1396 4181 1496 4237 fulmen
1509 4190 1660 4249 tenentum,
1676 4185 1814 4255 pluuii-1
1821 4179 1889 4234 51

983 4247 1058 4315 Quod
1071 4251 1120 4304 etsi
1134 4251 1167 4305 ad
1179 4201 1328 4306 faffuiosam
1341 4251 1415 4307 lovis
1428 4254 1512 4323 patris
1525 4253 1657 4323 originem
1672 4254 1873 4312 murum*
1896 4265 1902 4272 '

986 4319 1079 4387 potuit,
1091 4330 1196 4376 constat
1208 4332 1296 4377 tamen
1312 4322 1386 4377 nulla
1398 4339 1426 4378 re
1437 4339 1553 4395 unquam
1566 4326 1655 4393 aptius
1670 4326 1708 4381 ilfi
1723 4315 1888 4381 ful-1¹¹¹

987 4405 1048 4445 men
1059 4393 1231 4458 convenisse,
1248 4409 1326 4462 quam
1340 4408 1401 4449 eum
1417 4403 1492 4450 ortus
1505 4395 1660 4465 obitusque,
1670 4406 1700 4453 ut
1709 4401 1874 4452 ennam!

984 4460 1095 4530 Papinio
1108 4464 1211 4532 loquar,
1233 4465 1396 4527 fulminaret,
1408 4465 1459 4520 boe
1471 4476 1524 4532 est,
1540 4467 1597 4537 pari
1611 4461 1902 4542 pernicitate-¹9¹

983 4539 1063 4600 atque
1077 4532 1177 4602 impetu
1191 4536 1363 4604 opprimeret.
1375 4535 1521 4605 Propterea
1531 4536 1601 4592 sacri
1616 4539 1865 4607 quoquam-¹¹⁸
1895 4556 1905 4566 ·

985 4611 1114 4670 ιιιμιιιιι
1128 4606 1213 4659 nestri
1228 4605 1413 4661 Alexandrum
1437 4606 1612 4664 blaeedonem
1630 4625 1646 4661 a
1662 4602 1891 4666 arnuldo·

945 4670 971 4729 D
985 4671 1186 4743 prophetarum
1198 4676 1280 4746 pardo
1303 4676 1374 4732 auto
1386 4688 1570 4747 comparatum
1582 4679 1698 4736 dooent:
1709 4674 1871 4751 quintin
1899 4684 1905 4720 ¹

984 4742 1011 4798 id
1023 4758 1108 4814 genus
1128 4744 1192 4801 ferm
1204 4746 1459 4815 concitatissimum,
1473 4757 1501 4804 et
1521 4749 1671 4807 Alexandri
1684 4751 1789 4808 ιιιιι-
1798 4744 1880 4798 ⁰⁸

984 4814 1033 4880 ria,
1046 4823 1076 4870 ut
1088 4814 1267 4890 flierouymus
1280 4825 1363 4884 rrotat,
1377 4819 1443 4874 uibif
1459 4818 1507 4875 fuit
1518 4819 1645 4877 uelocius.

1051 4887 1228 4956 Argonautas.
1246 4889 1349 4944 Seriem
1372 4898 1521 4959 temporum
1544 4889 1671 4949 siderius
1688 4891 1837 4949 etiam·
1864 4905 1868 4907 “

983 4956 1008 5009 ιι
1025 4957 1150 5028 mythieis
1160 4960 1295 5015 observat.
1309 4960 1374 5013 Nam
1384 4962 1408 5016 si
1423 4962 1456 5017 ab
1469 4961 1631 5032 Argonautis
1643 4963 1715 5020 uude
1727 4960 1894 5020 ιι--·Ιο

982 5026 1065 5090 ditur,
1078 5028 1110 5083 ad
1121 5028 1267 5102 Odysseam
1282 5045 1366 5102 usque
1381 5031 1408 5087 in
1423 5047 1475 5102 qua
1488 5032 1597 5099 desinit,
1612 5039 1845 5103 percurras..8
1875 5040 1877 5045 ⁴

982 5098 1075 5154 eedem
1096 5104 1185 5156 omma
1208 5113 1299 5156 narrat
1319 5100 1414 5156 ordine
1441 5116 1495 5174 quo
1517 5112 1593 5173 gesta
1621 5103 1851 5176 Augustum-‘⁸
1880 5106 1891 5125 ¹

982 5178 1160 5246 xpmrxqcrgo
1191 5171 1267 5245 ιθόδῳ
1275 5187 1338 5227 usus
1348 5182 1399 5228 est.
1411 5173 1446 5228 At
1455 5173 1590 5230 Lucianns
1601 5186 1697 5236 τοπικι
1715 5202 1734 5223 s·
1748 5210 1750 5223 ›
1841 5189 1851 5209 ¹
1900 5171 1903 5182 .

985 5248 1088 5307 tentus,
1112 5243 1138 5297 in
1158 5196 1263 5313 dialogo
1281 5248 1341 5318 eryt
1355 5244 1399 5319 ὀρ
1424 5250 1516 5310 ήσεως,
1534 5253 1593 5314 post
1609 5260 1643 5300 ea
1663 5238 1770 5318 quaed
1808 5263 1819 5285 ·
1890 5244 1900 5255 ⁴

983 5311 1049 5368 deos
1062 5313 1228 5382 spectabam,
1241 5330 1300 5385 quta
1315 5266 1472 5384 prrmoioeo
1482 5327 1693 5387 commemorat,
1705 5320 1770 5379 reff-
1789 5314 1881 5360 ἐ*

983 5398 1063 5451 quam
1092 5398 1198 5439 omnem
1233 5402 1258 5439 m
1281 5385 1424 5455 rbnlogiam
1458 5388 1589 5443 loeistac
1615 5390 1772 5460 regionibus
1830 5398 1862 5421 ⁷*
1898 5396 1901 5405 ’

983 5401 1770 5526 distinxitdtticam,{bebaieamGorirrtbiaram,ditlrio·
1815 5451 1904 5494 ‘⁸'

983 5526 1085 5594 picam,
1101 5526 1258 5581 Laconicam
1272 5568 1279 5590 ,
1294 5527 1424 5595 illimem,
1441 5528 1618 5597 Arcadicum,
1633 5530 1773 5593 Thessali·
1821 5531 1897 5565 κ’

983 5608 1052 5663 eam,
1064 5605 1091 5651 et
1104 5606 1215 5651 ceteras
1228 5613 1295 5665 quas
1309 5599 1359 5655 bue
1375 5598 1418 5653 flle
1432 5601 1612 5669 persequitur.
1629 5601 1672 5660 Ad
1686 5605 1772 5664 Tbet·
1849 5603 1885 5626 ‘'

981 5664 1089 5721 salicam
1099 5676 1187 5722 autem
1203 5668 1284 5724 refert
1296 5672 1474 5740 Argonautas,
1485 5677 1626 5757 eda‘tpyd,
1640 5682 1687 5736 τιν
1699 5677 1760 5737 λιιι

981 5738 1056 5800 αὐτῆς
1068 5737 1168 5818 τρόπιν,
1179 5737 1247 5813 Aryo
1259 5744 1343 5804 neuim
1355 5751 1379 5797 et
1393 5742 1524 5818 garrulans
1536 5759 1594 5817 ιιι
1602 5747 1734 5828 widun,
