3810 6254
163 217 217 328 in

812 247 970 315 ,licronis
989 247 1144 310 ttdsttsts
1308 242 1314 271 r
1372 246 1373 268 ³
1414 273 1416 277 -
1453 240 1479 247 ”
1545 263 1553 281 ,

1739 246 1795 309 ald

163 383 230 440 buit.
248 377 292 435 Sie
305 382 346 433 est
358 374 409 430 boe
421 369 553 443 quomodo
567 367 590 424 si
604 367 709 423 dicatur
727 364 839 434 ltortriai,
855 374 885 423 nt
902 381 948 438 per
964 370 1103 438 Aquanto
1124 363 1208 437 tnagis
1221 361 1372 422 communis
1393 374 1486 420 mensa
1498 362 1618 436 ciborum
1640 361 1738 433 poterit
1750 363 1793 421 in·

163 486 226 529 aera
241 471 341 527 lerator
353 476 380 523 et
394 464 497 529 uolitet,
511 459 582 532 quod
607 460 688 514 moris
703 472 755 514 non
769 467 811 514 est
826 462 949 517 lrumanto

163 573 276 619 naturae.
299 558 358 616 Dixi
371 557 455 622 enim,
480 554 502 609 si
524 561 642 609 nostram
658 551 749 618 iidem,
764 567 824 622 quae
844 567 897 608 una
923 559 952 608 ιι

163 669 226 711 uera
240 652 306 708 ildes
328 657 385 715 est,
408 653 528 717 poteslas
551 645 623 715 rogis
635 658 783 715 agnoscere
803 643 950 713 desiderat,

162 747 251 802 mittat
273 742 307 797 ad
333 740 433 794 amieos
456 752 520 794 suos
536 736 674 792 :scribam
703 746 731 791 et
753 751 803 806 ego
827 735 952 791 iratribus

162 837 239 903 meis,
255 842 284 889 ut
297 832 404 888 veniant
416 828 569 899 coepiscopi
584 828 648 895 mei,
662 828 707 898 qni
724 826 800 882 vobis
812 827 951 883 nobiscum

161 942 330 988 communem
346 925 426 981 iidem
441 931 559 978 nostram
580 922 688 976 ualeant
708 920 904 986 demonstrare,
926 929 953 975 ιι

159 1022 295 1096 praecipue
309 1018 428 1076 Ecclesia
441 1016 573 1080 liomana,
584 1029 644 1084 qum
657 1022 670 1050 ι
683 1022 763 1082 eaput
775 1020 816 1067 cst
833 1013 952 1067 omnium

160 1115 354 1172 Ecclesiarum.
372 1111 412 1166 nd
428 1110 485 1164 buc
497 1106 623 1163 Cubadus
638 1125 644 1159 :
661 1107 729 1176 Ergo
742 1114 779 1172 lu,
791 1114 817 1160 ιι
828 1104 953 1160 daminus

161 1221 240 1267 meus
252 1221 310 1271 rex,
326 1201 430 1259 similes
444 1200 527 1256 estis?
542 1198 678 1268 Eugenius
700 1196 844 1267 episeopus
862 1197 951 1251 dixit:

160 1300 219 1373 ligo
231 1295 327 1355 similis
340 1294 396 1371 regi
419 1307 472 1347 non
496 1288 702 1356 sum;seddi1i
719 1288 771 1345 :Si
792 1303 883 1343 reram
908 1303 954 1344 eo-

161 1404 291 1466 gnoseere
304 1387 440 1446 desiderat
453 1384 549 1450 tidem,
562 1383 663 1439 scribat
682 1381 776 1436 amieis
786 1380 853 1446 suis,
869 1388 898 1434 ut
911 1379 953 1435 di-

161 1487 249 1558 rigant
271 1490 377 1538 nostrus
398 1477 548 1535 catholicos
567 1477 724 1545 episeopos;
750 1483 777 1528 ct
802 1487 851 1543 ogo
866 1471 954 1528 scribo

162 1575 329 1647 coepiscopis
342 1573 421 1640 meis,
436 1570 497 1640 quia
521 1568 660 1623 catholicae
675 1565 738 1622 fidei
754 1566 886 1620 unirersm
902 1579 952 1619 una

162 1679 204 1729 ost
217 1683 308 1726 causa.
320 1667 377 1722 lloe
398 1664 493 1735 agebat
505 1662 653 1732 Eugenius,
676 1675 729 1714 non
743 1660 813 1730 qnol
828 1657 954 1713 deessent

1003 457 1131 529 quinare,
1154 470 1214 512 eum
1238 455 1309 513 dicat
1334 455 1405 512 idem
1429 454 1565 526 apostolus
1581 471 1588 508 :
1603 467 1663 512 eum
1683 444 1795 514 neiatiis

1004 549 1152 607 neeeiltum
1168 547 1267 604 babere
1278 561 1449 605 communem
1465 545 1492 616 tl
1505 545 1565 602 der.
1581 563 1608 611 ι,
1624 545 1686 614 llll

1040 640 1121 696 illiti.
1144 639 1238 711 lugent
1262 640 1426 695 miraculum.
1441 669 1476 680 -
1493 638 1546 696 sm
1567 652 1627 694 etttn
1651 637 1719 708 ignis
1735 638 1792 708 ism

1005 731 1200 804 persecutionis
1223 730 1431 797 accenderetur,
1457 736 1485 793 et
1510 728 1628 785 damma*
1642 727 1793 786 infestantis

1005 825 1102 894 ubique
1114 822 1185 894 regis
1198 822 1321 890 arderet,
1339 820 1457 878 ostendit
1468 821 1538 878 oeus
1552 828 1644 877 noster
1657 819 1793 891 quoddam

1004 917 1161 972 miraculum
1190 931 1238 984 per
1260 929 1367 970 sertum
1391 928 1468 970 suum
1501 912 1607 968 lidelem
1632 912 1792 983 Eugenium,

1004 1007 1075 1079 quod
1099 1008 1238 1078 praeterire
1260 1021 1312 1063 ιιι
1327 1005 1423 1063 debeo.
1440 1005 1500 1061 Fuit
1513 1005 1541 1061 in
1562 1004 1656 1061 eadem
1670 1005 1793 1076 ciuitate,

1005 1101 1031 1155 id
1048 1111 1088 1157 est
1102 1100 1272 1170 Cartbagine,
1288 1098 1395 1170 quidam
1408 1115 1495 1156 etueus
1513 1099 1616 1156 deibus
1637 1099 1794 1171 civitatique

1005 1193 1170 1257 notissimus,
1183 1191 1292 1246 nuntiae
1307 1191 1392 1248 Felix.
1408 1192 1457 1248 llic
1482 1184 1606 1248 visitatur
1627 1205 1643 1246 a
1668 1192 1793 1258 Domino,

1006 1285 1155 1355 diciturque
1169 1283 1193 1338 ei
1209 1293 1287 1341 noete
1301 1298 1350 1355 ιιι
1372 1283 1476 1349 risum,
1492 1293 1503 1322 ι
1519 1283 1577 1341 dies
1591 1283 1662 1339 enim
1676 1283 1793 1355 Epipha-

1006 1377 1111 1433 niorunt
1125 1377 1297 1435 illucescebat
1313 1395 1319 1432 :
1336 1376 1437 1447 Surge,
1451 1375 1519 1432 rade
1529 1376 1563 1431 ad
1577 1390 1684 1432 serrum
1704 1391 1792 1434 meum

1007 1468 1156 1540 Eugenium
1171 1471 1338 1541 episcopum,
1352 1477 1379 1525 et
1391 1469 1464 1525 dices
1476 1468 1513 1535 ei,
1532 1468 1595 1539 quia
1608 1482 1658 1539 ego
1672 1476 1699 1525 ιι
1712 1468 1746 1524 ad
1761 1469 1793 1523 il·

1006 1562 1059 1615 lum
1080 1561 1175 1617 direti.
1192 1562 1225 1616 lit
1245 1561 1291 1616 illa
1307 1560 1371 1616 bora
1398 1575 1449 1632 qua
1473 1558 1612 1616 benedicet
1630 1558 1741 1626 iontem,
1765 1568 1794 1618 ut

1007 1653 1173 1723 baptizentur
1200 1653 1360 1709 aecedentes
1384 1653 1417 1708 ad
1439 1652 1529 1720 ddem,
1544 1654 1679 1725 continget
1701 1654 1794 1713 oeulos

161 1764 190 1820 in
205 1760 293 1817 diriea
310 1758 354 1830 qui
370 1756 585 1812 aduersariorum
595 1745 705 1823 ¹obieeta
720 1751 890 1817 reiellerent,
906 1750 953 1808 sed
968 1739 992 1800 Β
1008 1752 1083 1812 idos,
1097 1755 1125 1800 et
1143 1747 1308 1816 aperientur,
1335 1754 1363 1801 el
1383 1744 1486 1801 ridebis
1510 1747 1610 1802 lumen.
1623 1747 1672 1814 Qui
1696 1747 1744 1803 tali
1756 1747 1793 1804 ri·

161 1862 193 1910 ut
207 1852 245 1907 illi
256 1852 403 1916 senissent,
420 1847 465 1919 qui
487 1846 567 1902 alieni
582 1847 615 1900 ab
628 1860 721 1901 corum
734 1844 884 1909 dominatu,
898 1856 954 1899 nra·
1006 1839 1082 1893 sintne
1104 1839 1294 1906 commonitus,
1309 1844 1405 1908 putans
1416 1853 1456 1903 se,
1478 1836 1612 1909 quomodo
1624 1838 1733 1907 assolet,
1747 1836 1795 1894 de·

161 1943 249 2014 iorem
272 1938 396 1994 ilduciam
417 1935 549 1991 libertatis
565 1933 706 2000 baberent,
729 1934 883 2004 pariterque
906 1949 954 2003 op·
1005 1930 1059 1985 ludi
1076 1945 1123 2001 per
1144 1931 1296 1998 somnium,
1313 1944 1423 2001 surgere
1447 1930 1533 1985 noluit
1546 1945 1642 1988 caecus.
1657 1930 1710 1987 Sed
1732 1945 1794 1991 eum
1817 1984 1820 1991 a

160 2031 310 2109 pressionis
324 2038 424 2085 nostroe
446 2027 595 2084 calumnias
609 2025 744 2081 uniuersis
768 2025 846 2080 terris
860 2034 887 2080 ιι
907 2038 954 2095 po·
1006 2022 1102 2078 iterum
1118 2031 1258 2093 urgeretur
1271 2023 1297 2077 in
1312 2037 1452 2090 somnum,
1473 2023 1597 2080 similiter
1610 2032 1640 2079 ut
1658 2023 1692 2080 ad
1706 2022 1794 2096 Euga-

162 2127 234 2198 pulis
248 2125 410 2178 nuntiarent.
1005 2118 1077 2172 nium
1094 2115 1226 2188 pergeret,
1241 2116 1420 2187 compellitur.
1437 2116 1541 2172 liursus
1555 2116 1679 2188 negligit,
1701 2118 1797 2179 lertio-T

164 2237 170 2249 ·
188 2215 268 2287 llil.
279 2212 312 2268 ln
325 2214 453 2285 episcopos
467 2208 664 2265 auritio-illc
674 2217 764 2265 autem
776 2209 821 2279 qui
829 2209 954 2265 nectebat
1005 2226 1056 2278 que
1079 2209 1235 2266 festinanter
1248 2218 1275 2264 et
1289 2210 1406 2278 grauiter
1428 2210 1593 2280 increpatur.
1608 2209 1713 2266 Excitat
1731 2225 1792 2280 pus·

159 2286 259 2372 dolos,
274 2304 367 2359 audire
384 2302 470 2358 noluit
485 2300 636 2368 rationem,
652 2313 734 2370 agens
748 2299 954 2370 argumentatio·
1006 2317 1065 2358 rum
1084 2302 1129 2372 qui
1154 2303 1179 2356 ei
1203 2302 1298 2357 solitus
1324 2303 1383 2357 erat
1407 2317 1515 2357 ntauum
1539 2302 1684 2373 porrigere.
1706 2301 1793 2373 Perit·

163 2397 243 2453 nibus
258 2395 371 2461 crebris,
388 2403 417 2447 ut
431 2406 606 2463 quoscunque
626 2391 812 2462 episcoporum
835 2390 954 2446 audierat
1005 2396 1089 2452 teloei
1106 2395 1223 2466 agilitate
1236 2395 1268 2450 ad
1286 2395 1377 2451 Fausti
1390 2395 1541 2461 basilicam;
1555 2404 1624 2461 orat,
1636 2405 1664 2452 et
1684 2396 1796 2457 tetricus

162 2486 386 2556 erudimentum
399 2484 618 2541 insectationibus
628 2483 748 2553 agitaret.
762 2483 819 2537 lam
835 2483 867 2536 ad
882 2482 954 2538 essi·
1005 2504 1065 2545 eum
1081 2489 1233 2559 ingentibus
1248 2489 1384 2560 lacrymis,
1410 2487 1528 2559 suggerit
1542 2486 1647 2545 cuidant
1660 2486 1674 2526 ι
1686 2487 1796 2545 subdia·

161 2581 228 2640 lium
253 2581 267 2621 b
290 2579 452 2636 t‘tnianene
474 2578 592 2634 seeundo
621 2578 797 2633 Donatiauum
824 2576 954 2646 impositis
1005 2596 1073 2637 cono
1088 2581 1195 2637 nomine
1211 2579 1398 2653 Peregrinout
1421 2595 1481 2636 eum
1500 2581 1625 2651 episeopo
1650 2582 1796 2651 nuntiaret,

164 2682 272 2731 eentum
296 2672 487 2742 quinquaginta
513 2670 629 2725 lustibus
652 2669 762 2724 ntisetat
787 2670 951 2739 episcopum,
1005 2674 1126 2730 indicans
1149 2688 1179 2729 se
1203 2673 1301 2729 itabere
1324 2672 1432 2742 aliquod
1454 2673 1552 2728 secreti
1567 2687 1652 2742 genus
1669 2672 1796 2730 intimau-

166 2769 219 2840 21
234 2780 337 2821 neenou
352 2774 379 2820 et
393 2763 590 2819 Snletulcnsent
605 2760 774 2830 Praesidium,
793 2760 954 2817 tirumsatis
1005 2765 1079 2821 dum.
1104 2764 1223 2821 Audiens
1247 2765 1389 2835 episeopus
1412 2763 1494 2834 jussit
1517 2763 1652 2819 ltominent
1675 2763 1794 2823 introire.

164 2870 283 2916 acutum.
293 2859 367 2915 Tune
377 2867 404 2914 et
415 2858 581 2914 uenerabiles
591 2859 767 2924 llaneuutum,
780 2858 952 2926 (icrtnanum,
1005 2857 1062 2913 lam
1073 2848 1145 2913 enim
1155 2856 1190 2912 ob
1201 2855 1383 2912 celebritatem
1395 2850 1557 2920 iusti'titatis,
1568 2854 1660 2928 ltymni
1672 2853 1796 2913 nocturni

163 2949 318 3019 Forculum,
335 2957 362 3004 et
384 2948 482 3004 multos
504 2949 571 3004 alios
587 2947 814 3019 instigationum
830 2948 886 3004 Ιιιι
909 2963 954 3018 ge·
1004 2965 1053 3021 per
1079 2957 1160 3006 totam
1175 2948 1315 3004 ecelesiam
1334 2947 1561 3017 canente-populo
1586 2946 1795 3016 concrepabant.

163 3048 270 3109 runtur,
284 3040 398 3110 imperat
409 3049 438 3094 ut
447 3055 507 3095 eum
517 3050 614 3094 nostru
626 3040 760 3110 religionis
770 3041 834 3097 siris
847 3041 953 3095 illorum
1006 3039 1107 3096 indicat
1120 3054 1208 3096 eaeetts
1223 3038 1331 3094 antistiti
1348 3038 1470 3094 ordinem
1482 3038 1590 3094 visionis
1601 3054 1667 3105 sune,
1679 3038 1796 3110 dicitque

63 3189 67 3197 ,
165 3146 284 3189 mensam
299 3131 388 3186 nullus
407 3145 576 3187 crannonem
593 3131 719 3201 liaberet,
734 3147 819 3204 tthne
832 3148 894 3187 eum
907 3120 990 3191 ea·C
1006 3133 1042 3188 illi
1055 3151 1061 3186 :
1076 3133 1132 3187 Non
1144 3142 1170 3188 ιι
1180 3131 1312 3187 dimittam
1324 3131 1374 3186 nisi
1387 3131 1463 3196 milri,
1478 3131 1570 3186 siruta
1581 3129 1797 3201 llnmiuojnssut

166 3224 272 3281 tholicis
282 3224 395 3278 ansuino
412 3231 596 3278 vescerentur.
612 3223 677 3290 (ιιι
691 3240 735 3280 res
757 3240 810 3280 uon
824 3225 889 3297 ipsis
903 3229 953 3285 ali·
1007 3239 1053 3288 es,
1075 3223 1224 3280 reddideris
1238 3223 1332 3279 octtlos
1352 3237 1438 3278 meos.
1453 3220 1501 3278 Cui
1515 3231 1624 3279 sanetus
1639 3224 1772 3294 Eugenius
1787 3239 1796 3280 a

151 3316 238 3395 ⁴quod
250 3316 373 3386 praestitit
384 3316 556 3383 beneficium,
574 3318 621 3372 sed
643 3312 721 3373 nobis
733 3321 877 3377 marimum
888 3338 955 3380 eon·
1008 3318 1112 3375 lleeede
1126 3333 1140 3372 a
1155 3333 1216 3384 me,
1233 3316 1329 3384 irater;
1350 3325 1476 3388 peccator
1494 3330 1554 3372 suna
1570 3326 1597 3372 et
1617 3315 1752 3387 indignus,
1768 3324 1797 3374 ιι

163 3406 228 3462 tulit
237 3406 350 3460 lucrum.
363 3405 429 3459 Nam
440 3406 464 3459 si
476 3421 566 3461 sermo
577 3421 680 3472 eorum,
696 3409 802 3466 dicente
813 3412 964 3482 Apostoli),
1007 3427 1088 3482 super
1101 3424 1195 3465 omues
1209 3408 1330 3465 domines
1344 3407 1514 3479 delinquens,
1529 3416 1559 3463 ut
1576 3417 1649 3477 pole,
1661 3417 1688 3464 ct
1701 3410 1746 3480 qui
1768 3407 1796 3466 iu

149 3497 235 3591 ⁴sieut
258 3511 355 3552 eaneer
379 3496 521 3552 consueuit
543 3513 650 3569 serpere
675 3498 720 3571 (ll
742 3501 811 3557 Τὶιι.
840 3520 869 3573 ιι,
898 3506 955 3577 ll),

204 3611 276 3668 asie
290 3611 352 3666 olim
374 3611 522 3682 CyprIantts
539 3611 685 3668 liomauam
702 3614 842 3671 Ecclesium
857 3620 953 3688 princi·

149 3679 153 3688 '
166 3683 250 3765 palent
260 3681 420 3751 appellabat,
432 3683 553 3749 epistb'il
563 3683 627 3737 edit.
637 3688 734 3750 tiron,
744 3687 810 3741 alias
819 3689 864 3752 55,
874 3705 952 3758 quem

166 3751 263 3809 imitati
276 3761 337 3806 sunt
349 3753 393 3807 a'ii
407 3752 523 3807 diritaui
538 3753 638 3808 l'atres.
647 3755 759 3825 Optatus
770 3758 815 3811 lib.
830 3775 847 3813 tt
859 3758 954 3815 ιιΙι-ιι-

165 3837 214 3879 ιιι
230 3822 450 3886 l’armcnianum,
468 3823 632 3892 Augustinus
647 3825 755 3894 passim,
770 3835 797 3882 ιι
815 3830 868 3883 ali.
889 3829 953 3886 lide

165 3892 312 3949 liabillonii
332 3893 416 3948 nostri
438 3895 621 3958 praelationem
636 3895 663 3948 in
679 3897 824 3967 liturgiam
839 3899 953 3954 Gallica·

1010 3507 1066 3560 lime
1079 3517 1200 3574 tempora
1215 3511 1337 3559 serratus
1350 3516 1420 3557 sum.
1436 3502 1484 3559 llie
1498 3512 1589 3558 autem
1605 3510 1796 3574 tenensgeuua

1007 3621 1141 3675 stadensem
1157 3619 1184 3673 itt
1198 3618 1354 3673 ilauritania
1368 3616 1535 3673 Cmsaricnsi.
1549 3617 1693 3673 Praesidius
1707 3628 1796 3675 sutem

1007 3691 1050 3746 lrie
1069 3692 1207 3752 laudatus,
1224 3689 1247 3744 is
1271 3690 1329 3758 ipse
1341 3697 1383 3744 est
1397 3689 1441 3760 qui
1455 3689 1553 3743 dieitur
1569 3688 1751 3754 suffetulensis
1767 3690 1794 3746 iu

1005 3761 1103 3816 Notitia
1120 3759 1245 3814 diricana
1268 3760 1337 3814 inter
1351 3759 1492 3828 episcopos
1508 3759 1664 3830 Byzacena,
1685 3760 1754 3816 sieut
1768 3769 1796 3818 et

1007 3831 1154 3886 diutttuetus
1172 3830 1345 3900 dissentientis
1365 3837 1394 3885 ιι
1418 3828 1559 3894 Gerasenos
1576 3828 1794 3899 Peradumieusis,

1006 3903 1031 3956 in
1044 3901 1136 3957 eaden
1149 3901 1295 3966 prtrtineia.
1307 3903 1340 3956 dt
1356 3899 1496 3954 Forculum
1512 3900 1630 3971 reperire
1645 3916 1696 3955 ιιι
1710 3900 1796 3968 licuit,

164 3978 239 4018 narrt.
254 3963 385 4017 Caeterum
401 3962 484 4018 lulius
501 3979 568 4033 papa
583 3964 610 4018 in
625 3967 737 4034 epistola
752 3967 784 4021 ad
801 3970 952 4027 Orietrluies
1005 3972 1056 4027 nisi
1070 3972 1138 4027 lutto
1147 3972 1227 4026 luerit
1237 3970 1363 4026 stitione
1376 3970 1560 4040 quuritunus,
1570 3970 1698 4026 ineadeut
1713 3971 1796 4043 Byza-

165 4033 305 4102 episeopos
319 4036 491 4115 conqueritur
501 4049 530 4088 se
545 4035 579 4088 ab
592 4035 666 4088 iisad
683 4039 827 4092 concilium
837 4043 951 4095 adeota—
1006 4058 1072 4097 cena
1095 4042 1231 4111 prouincia
1255 4048 1429 4097 intemeratus.
1452 4039 1531 4096 Certe
1552 4056 1601 4111 pro
1618 4040 1745 4097 Famulus
1768 4042 1796 4101 itt

166 4112 222 4159 luto
235 4119 287 4157 nou
304 4104 395 4157 itttsse.
408 4102 474 4158 llulu
490 4103 632 4159 Sozomett.
648 4105 694 4160 lib.
712 4123 739 4160 ιιι
760 4109 827 4162 llist.
841 4113 949 4177 eccles..
1008 4108 1120 4169 llsttartli
1135 4114 1301 4182 autographo
1319 4111 1433 4167 babetur
1447 4109 1580 4165 Fttlcolut.

164 4187 225 4241 cap.
240 4173 283 4228 ill.
298 4173 489 4240 Fulgentittset
500 4174 592 4251 caeteri
604 4175 720 4245 episcopi
733 4181 838 4234 exsules
852 4182 877 4234 iu
891 4183 953 4235 Sar·
1043 4185 1094 4238 rin
1109 4184 1185 4238 Colit.
1204 4184 1228 4248 l,
1245 4195 1374 4239 annorum
1392 4180 1499 4237 circiter
1511 4180 1574 4246 800,
1590 4180 1684 4237 eadem
1708 4197 1790 4240 manu

164 4242 377 4324 diniaepistota
391 4243 424 4296 15
437 4244 473 4322 ιιι
487 4243 629 4326 lencrittm
644 4253 672 4299 ιι
688 4248 828 4314 loannem,
843 4250 954 4306 laudant
1006 4269 1059 4320 quo
1075 4263 1162 4309 tentus
1176 4253 1233 4324 ipse
1247 4253 1428 4321 scriptumest
1441 4249 1468 4304 in
1484 4252 1623 4321 margine:
1640 4251 1710 4305 Noto
1726 4257 1796 4323 quod

164 4311 315 4392 llormtsdua
327 4313 457 4392 popttltcts
481 4312 592 4365 Romam
608 4315 698 4377 verba¹
716 4327 743 4370 ut
758 4320 900 4375 ostendant
920 4322 953 4376 dc
1005 4325 1084 4378 indie
1099 4339 1174 4378 sacru
1198 4322 1403 4391 lipipltoniorttm
1422 4322 1492 4384 opud
1516 4323 1634 4390 orttiqnos
1654 4321 1797 4391 baptismus

165 4390 249 4462 grana
274 4381 397 4463 ontntbus
424 4395 486 4462 esse
512 4383 668 4464 tenentium,
690 4388 753 4454 quid
771 4388 897 4457 Roranam,
914 4393 952 4445 ia·
1007 4398 1085 4460 fieret.
1101 4393 1172 4448 idem
1189 4392 1269 4448 ltabet
1283 4396 1308 4448 itt
1330 4392 1440 4462 capituli
1465 4389 1542 4444 titulo
1557 4391 1638 4447 editio
1663 4393 1794 4462 boricltii,

165 4449 871 4584 ιιιιιὶιέξὲιθιι]1ιῦιξθιῐιὲιὲιιιιῃιιὶιριιειῑξιὶιειίιιιυιοιᾶι·1ιιξιιιιιιιιῖ1ιιὁ
966 4435 1116 4547 Ι)ιιιιιιι
1142 4463 1192 4587 'mg
1215 4460 1327 4587 mesula,
1341 4472 1413 4516 uoto.
1439 4462 1512 4543 llane
1535 4465 1796 4588 t·erolcon5uetudi·

165 4606 227 4644 tem.
246 4589 321 4646 Colli.
341 4593 351 4645 l
375 4563 534 4674 l'idt‘uaenoe⁸
547 4540 696 4676 ιιιιιξιιιι.
716 4545 798 4653 ⁸sieut
820 4547 847 4655 ιι
861 4547 950 4668 bigast,
1005 4535 1795 4675 1:33¹sspffieglnssnstergtgzissaoffi{passtgr'sslsssueznffi

165 4660 225 4742 Ful.
243 4671 271 4716 et
292 4659 404 4741 Germa:
420 4661 467 4717 sed
482 4679 526 4744 qut
551 4662 619 4745 init-a
636 4679 683 4733 pto
694 4671 840 4736 episcopatu
855 4671 953 4727 liabent
1004 4677 1083 4744 epist.
1097 4674 1130 4729 lii
1145 4671 1209 4728 edit.
1234 4673 1441 4743 Quesnelliane,
1458 4673 1491 4728 ad
1515 4672 1614 4731 Sieiliac
1639 4675 1793 4746 episeopus,

165 4746 307 4816 eptteopos,
321 4746 395 4800 quast
416 4732 524 4814 socttndt
540 4741 816 4817 nonttne,·episuopus
832 4740 875 4795 ltie
894 4744 953 4811 qui-
1005 4746 1101 4814 quibus
1115 4751 1208 4814 postea
1222 4745 1267 4798 alii
1284 4744 1434 4814 pontifices,
1453 4753 1479 4800 et
1494 4743 1521 4799 ia
1542 4747 1624 4800 uariis
1648 4746 1795 4815 provinciis

164 4800 225 4882 dam
238 4817 254 4856 ι
266 4801 860 4884 ltetoredestgnareturlionattanosociatus.
872 4811 952 4867 Sinti·
1003 4815 1098 4887 synodi
1124 4813 1305 4870 adlucsorunt.
1331 4815 1388 4871 ntia
1417 4824 1506 4870 tumen
1521 4815 1549 4869 in
1571 4816 1629 4870 aliis
1648 4817 1793 4886 provinciis

131 4908 135 4921 t
163 4870 226 4926 luter
247 4871 360 4928 Ortbod.
386 4883 414 4955 ιι
431 4871 570 4954 Lorteluus
585 4874 704 4931 babent:
725 4879 889 4946 l't'nionauae,
912 4898 953 4937 ae·
1004 4885 1347 4952 serrabaturcousuetudo,
1370 4885 1489 4955 quotide
1513 4885 1600 4941 ntriea
1615 4897 1718 4941 eertum
1741 4900 1792 4944 est.

130 4961 135 4989 ;
163 4942 285 5005 eundum,
306 4940 481 5025 donationum
494 4945 617 5025 ratapasitis
636 4957 780 5004 conlatus...
800 4952 951 5021 episcopan
1005 4955 1077 5010 idem
1102 4955 1128 5011 iu
1144 4952 1326 5011 Orientalibus
1347 4954 1492 5024 prouinciis
1515 4956 1684 5011 observatum
1709 4956 1795 5015 luisse

132 5028 136 5061 ι
164 5021 188 5065 et
201 5013 247 5065 sub
265 5011 389 5095 [etrtleaae
404 5015 549 5096 pecudium
571 5031 667 5084 uerunt,
679 5029 791 5100 uentum,
816 5031 869 5076 ιιι.
897 5023 951 5078 Sed
1004 5026 1089 5094 liquet
1102 5035 1157 5080 lum
1172 5039 1205 5081 es
1221 5026 1376 5082 Graeeorum
1392 5025 1565 5096 Euehologio,
1582 5035 1637 5080 tum
1656 5041 1689 5081 ιι
1711 5025 1794 5084 Prato

164 5080 208 5137 ltus
221 5082 350 5138 lcettoues
363 5083 576 5166 mendosissimae
586 5096 658 5168 sunt.
673 5087 785 5171 Utricum
796 5092 894 5160 quippe
907 5093 952 5148 bie
1003 5096 1132 5167 spirituaii
1146 5094 1258 5151 loannis
1274 5095 1373 5152 ilosclti
1391 5109 1449 5164 cap.
1466 5095 1526 5160 iil,
1538 5095 1606 5165 apud
1630 5095 1793 5154 cotelerium

164 5152 348 5233 tantumntddo
361 5154 853 5236 destgnart'l'louattanumeptscapum
868 5162 951 5227 liquet
1004 5167 1106 5223 tontoll
1118 5166 1349 5221 llonumentorum
1363 5165 1488 5220 bet-tesan
1498 5165 1608 5230 Graecas,
1620 5166 1664 5221 ubi
1678 5166 1795 5224 refertur

129 5263 136 5284 ,
164 5236 197 5303 ex
211 5231 322 5305 retusus
336 5226 663 5308 tnaptyrolognsllsuardi,
684 5229 797 5291 ddtntis.
813 5240 842 5286 ιι
854 5230 951 5288 Notlte·
1003 5251 1108 5291 saerum
1125 5237 1224 5292 iontem
1238 5235 1349 5306 singulis
1363 5234 1440 5289 annis
1461 5235 1487 5291 in
1512 5235 1575 5291 l'ieo
1599 5236 1725 5318 quodam,
1750 5237 1795 5295 dio

164 5307 198 5372 ιι,
215 5309 241 5347 ιι
253 5293 348 5376 qutbus
360 5294 407 5376 dte
419 5295 436 5350 o
450 5296 617 5379 Septembris
631 5298 705 5353 solus
720 5299 949 5358 Doaaatiunuseum
1003 5305 1073 5362 lesto
1087 5305 1322 5376 Titeopbattiorum
1337 5313 1433 5374 sponte
1451 5305 1549 5361 sudare
1566 5306 1673 5362 solutum
1699 5306 1793 5376 fuisse,

164 5363 233 5418 tnira
244 5373 382 5447 reeenstus
392 5365 542 5448 celebratur
554 5369 595 5421 lus
608 5368 715 5423 turbis:
731 5370 783 5439 77
794 5370 950 5428 Sottctorum
1003 5384 1031 5432 ut
1045 5393 1078 5433 ex
1089 5392 1120 5432 ea
1133 5390 1202 5446 aqua
1213 5376 1360 5446 baptismus
1374 5374 1561 5432 eoulleeretur.

109 5471 110 5474 =
131 5467 140 5490 t
163 5431 313 5515 donabunt,
338 5434 478 5518 Praesidae,
495 5435 634 5518 ιιιιιιιιι,
656 5435 814 5494 Germanici
830 5440 948 5512 Fusculi,
1038 5447 1151 5510 tuditi,
1165 5445 1289 5500 Iliuceno.
1309 5445 1431 5502 Priorem
1446 5444 1587 5502 lectionem
1611 5447 1793 5521 ptaelulimtm,

163 5519 218 5572 qna,
232 5513 297 5571 ete„
331 5520 365 5560 uo
379 5516 441 5587 rtem
452 5505 496 5560 dte
509 5522 535 5587 ιι
552 5505 673 5586 Romano
686 5507 875 5581 llartyrologio
892 5529 950 5568 me·
1003 5531 1063 5587 qum
1075 5516 1180 5571 uidetur
1195 5515 1306 5572 istorum
1314 5523 1464 5586 temporum
1475 5515 1622 5588 discipline
1636 5519 1721 5589 magis
1731 5533 1795 5577 esse

164 5585 312 5656 morantur.
341 5575 544 5656 orrotttllotitta
559 5574 683 5655 dicretae
694 5589 809 5649 quatuor
820 5582 946 5640 nonaria·
1001 5586 1156 5643 conformis.
1171 5584 1334 5643 subdiaconi
1349 5587 1448 5657 quippe
1468 5595 1545 5646 ιιιιι
1567 5588 1715 5647 sacrarium
1736 5597 1794 5647 sla·

165 5658 215 5698 tros
227 5659 366 5714 episeopus
380 5659 504 5726 inventos
521 5643 693 5727 ¹desciuerunt
703 5649 804 5707 seilicet
817 5660 845 5722 ιι
855 5652 890 5708 ιι
908 5654 948 5708 ιι·
1000 5656 1251 5727 salutaremque
1267 5655 1426 5718 Laodicena.

165 5729 268 5771 nentem
280 5716 307 5772 in
327 5714 459 5780 Numida,
484 5712 613 5771 Elaensem
628 5717 657 5779 io
680 5718 829 5790 Byzacena,
844 5732 871 5780 et
887 5670 948 5782 fisi·
