3810 6254
163 281 213 340 m
832 277 960 337 tarcis
977 279 1079 338 PAPAE
1098 282 1130 339 lli
1744 286 1801 344 eti

162 409 236 452 nam.
250 394 280 451 ln
299 408 341 450 me
355 394 425 450 enim
443 391 620 462 qualicunque
640 388 738 445 sicarie
752 387 846 445 beatus
857 389 991 455 PetrusA
1005 394 1176 449 ordinatione
1189 393 1320 463 lotitiam,
1337 404 1365 451 et
1378 410 1489 466 sperare
1502 398 1593 455 diuino
1608 398 1741 455 beneficio
1755 415 1799 455 co·

163 486 311 559 apostolus,
326 497 353 541 et
366 485 422 539 bac
432 484 459 538 in
475 483 521 538 illo
535 482 581 552 qui
595 480 743 537 Ecclesiam
753 494 829 536 suam
847 481 949 538 ducer-
1003 487 1143 543 ltortentur
1160 487 1350 543 ecclesiasticae
1362 488 1434 558 pacis
1449 488 1584 547 edoctum.
1603 490 1723 547 Primum
1736 493 1796 560 qui·

163 584 188 652 pi
204 597 256 638 non
281 581 389 652 patino,
403 578 460 648 ipse
482 579 561 632 etiarn
573 578 696 633 Christus
719 577 848 648 exposcit.
872 579 949 634 Absit
1001 577 1073 643 dem,
1090 578 1170 648 quod,
1189 578 1268 633 talem
1284 580 1673 651 regratiucoelestisclegerit,
1688 581 1793 651 cttjnsa

162 684 191 730 ut
215 673 277 729 buic
296 685 457 743 quemquam
480 667 633 725 Christiana
650 684 726 725 mens
740 679 785 724 tua
799 670 841 726 rel
863 671 948 740 possit
1001 685 1085 741 puero
1109 670 1162 725 vite
1185 670 1328 740 probabilis
1352 681 1540 739 asserciones
1559 672 1700 728 eattrotico
1717 673 1790 741 lldei,

160 767 205 823 rel
215 765 312 822 debeat
324 765 470 829 anteierne,
480 778 560 834 qoem
574 777 622 833 pro
646 773 672 819 te
687 762 949 829 rotisomnibusds·
1001 764 1073 834 quod
1101 771 1165 819 ante
1191 763 1283 819 omnia
1307 765 1447 835 cupimus,
1477 763 1637 835 predicetur
1665 765 1790 821 intentio.

159 858 263 914 sideras
274 850 399 914 eremi.
420 856 572 911 Praesertim
593 870 654 911 cum
671 864 743 911 tauta
754 856 807 911 sint
826 855 883 924 illa,
904 857 945 913 rel
1002 854 1101 910 Deinde
1118 854 1178 924 qnia
1196 856 1265 910 inter
1279 854 1337 910 lieo
1351 864 1525 911 muneratum
1542 855 1671 910 Dominus
1686 857 1790 912 carita=i

159 950 239 1018 tilia,
255 964 315 1020 qoae
338 948 478 1021 tyrannide
492 947 578 1005 deleta
598 962 646 1017 pro
675 946 727 1003 ilde
738 946 869 1003 catholiea
888 962 948 1019 ges-
999 943 1100 998 domini
1117 959 1222 1014 quoque
1239 943 1380 1000 dliinostri
1396 945 1582 1016 gloriosissimi
1596 946 1728 1017 principis
1741 962 1787 1001 ro-

159 1040 218 1096 sisti
240 1050 268 1098 et
277 1040 360 1112 geris,
372 1049 403 1095 ut
417 1039 523 1109 plenaa
537 1039 592 1094 beo
604 1050 701 1096 vestrae
717 1039 887 1096 conscientiae
898 1055 947 1097 es·
1000 1048 1056 1094 tum
1071 1038 1185 1095 contulit
1196 1047 1223 1095 et
1236 1037 1354 1095 iarorem
1372 1057 1378 1092 :
1395 1047 1526 1110 quatenus
1540 1040 1682 1111 potestatis
1694 1039 1786 1105 tutus,

161 1136 308 1205 periments
330 1143 479 1191 teneamus.
506 1133 545 1188 lie
560 1133 656 1204 quibus
667 1133 716 1188 etsi
738 1131 801 1203 quid
826 1133 947 1188 lortastis
999 1129 1055 1187 beo
1079 1139 1239 1200 praestante,
1263 1130 1399 1198 subsidio,
1423 1130 1528 1191 facilius
1550 1131 1643 1189 valeas
1662 1142 1788 1201 expetere

158 1229 287 1285 ontissum
301 1236 353 1294 est,
377 1242 432 1282 noo
447 1225 564 1296 respicit
580 1225 628 1281 nisi
643 1224 822 1295 perildirirus
837 1225 938 1293 llcacii,
1000 1235 1076 1291 qun,
1092 1219 1238 1277 secundum
1276 1221 1413 1277 veritatem
1448 1221 1584 1292 sapienter
1625 1222 1784 1297 intentioris.

158 1320 218 1389 qui,
232 1320 296 1376 dum
312 1319 411 1376 illicitis
422 1332 544 1374 creseere
559 1316 644 1374 tendit
655 1319 821 1389 augmentis,
834 1333 865 1376 ea
885 1334 946 1391 quae
998 1311 1139 1369 Postremo
1151 1311 1223 1384 duod
1238 1311 1327 1368 emnia
1340 1313 1613 1384 propemedumqoas
1625 1314 1665 1371 tui
1676 1328 1785 1385 aequos·

158 1422 240 1468 rectae
252 1411 372 1482 religioni
397 1419 584 1481 congruerent,
598 1408 674 1466 vobis
689 1409 758 1466 inter
772 1424 850 1465 carras
864 1410 947 1480 publi·
997 1411 1041 1461 itt
1056 1403 1328 1469 libeurit-exordium.
1343 1415 1396 1461 ¹³¹¹!
1411 1405 1625 1463 bettevolenliam
1640 1406 1719 1463 nobit
1731 1407 1783 1467 cle·

157 1517 202 1557 cas
217 1503 354 1574 occupatis
368 1501 470 1557 destitit
485 1502 623 1558 intimare.
638 1501 704 1557 Nam
719 1503 803 1572 pietus
817 1513 860 1559 tua
879 1517 945 1573 quo·
998 1495 1105 1553 nenda
1117 1495 1271 1566 principalis
1279 1495 1435 1564 ostendunt,
1446 1511 1524 1567 (llum
1535 1503 1586 1553 ‘⁸¹²
1596 1496 1719 1567 limium
1729 1512 1783 1569 ⁸lli·

157 1594 300 1649 modonon
314 1592 837 1664 sequendumpotiuseristimairet,quod
849 1593 944 1649 iecisse
995 1587 1064 1644 eiem
1079 1586 1233 1645 voluntatis.
1249 1587 1317 1643 Dum
1335 1589 1485 1645 scilieetad
1498 1591 1676 1660 apostoticam
1695 1592 1781 1649 sedeo

156 1685 326 1755 conspiceret
345 1685 529 1740 sacerdoteml
545 1683 621 1742 llnde
639 1685 730 1740 divino
743 1684 844 1755 judicio
857 1685 943 1741 nulla·
996 1679 1155 1750 regulariter
1174 1679 1340 1747 desdnatur.
1360 1695 1408 1750 per
1427 1696 1509 1752 llum
1530 1682 1666 1753 breteuil!
1681 1684 1781 1743 Christi

157 1788 234 1834 tenus
245 1778 340 1847 potuit,
353 1779 432 1834 etism
445 1793 506 1835 cum
521 1778 547 1833 id
572 1778 726 1846 mallemus,
743 1779 857 1834 absolvi.
871 1779 940 1849 Qua·
956 1770 1114 1837 Bomuiutn
1129 1770 1258 1828 solidatur
1268 1770 1572 1842 dignitassacerdotun.
1582 1773 1662 1842 boot
1673 1777 1738 1847 ipsas
1750 1778 1781 1833 tli

154 1881 263 1940 propter
282 1873 366 1941 magis
381 1870 517 1941 magisque
542 1872 693 1942 supplicare
714 1886 767 1928 non
789 1872 894 1939 desino,
913 1883 942 1929 ut
996 1863 1119 1919 hillini!
1132 1871 1185 1920 ¹¹¹ae
1200 1862 1297 1921 Uim
1311 1864 1494 1932 ²l⁰ssi⁰l⁰f¹¹m
1506 1879 1657 1932 summum,
1671 1876 1781 1936 sitifim·

153 1978 214 2017 com
228 1962 285 2018 suis
300 1961 540 2032 nominibusatque
555 1961 675 2031 personis
698 1962 789 2018 leralis
803 1962 845 2018 illa
862 1978 941 2020 eausa
995 1973 1047 2028 que
1060 1956 1134 2023 lidei,
1150 1967 1177 2013 et
1186 1957 1303 2015 celestis
1318 1956 1531 2028 dispensatorem
1543 1959 1667 2029 mysterii
1671 1961 1780 2043 creditit

155 2052 294 2107 transsierit
308 2068 315 2108 :
329 2066 382 2122 quo
394 2066 453 2115 utos.
466 2059 600 2107 annuente
622 2052 735 2109 Domino
749 2061 854 2119 nostro,
866 2063 939 2109 certa
994 2048 1044 2104 sibi
1054 2048 1183 2116 clavibus,
1199 2048 1305 2107 beatum
1316 2048 1423 2107 Petrum
1440 2050 1593 2120 apostolum
1612 2052 1779 2111 medentur.

153 2143 323 2214 perlectoque
335 2143 423 2198 lentitia
439 2144 509 2198 necti
521 2143 659 2199 ualeamus
673 2159 733 2200 com
746 2147 859 2213 preside
870 2160 940 2203 trunc
993 2139 1070 2209 Quod
1082 2139 1209 2212 denique·
1224 2148 1253 2197 ¹¹1
1267 2142 1384 2212 ‘fflblissll
1396 2156 1459 2199 0⁸⁸0
1477 2142 1621 2201 bilbilim
1637 2145 1778 2213 ”lembis

152 2244 252 2302 creato,
266 2235 336 2290 beati
350 2233 470 2303 Apostoli
490 2248 556 2289 rece
564 2235 677 2290 dicentis
693 2252 700 2289 :
718 2235 748 2292 st
762 2254 813 2307 qun
823 2238 900 2310 igitur
912 2240 939 2292 ia
994 2233 1131 2289 nobiseum
1151 2233 1319 2290 dilectionem
1338 2244 1410 2289 tuam
1425 2233 1590 2299 ortbedoxe'
1609 2234 1675 2293 bdei
1686 2235 1779 2299 habere

151 2324 253 2381 Citritto
264 2340 328 2380 norm
342 2336 468 2388 ereatura,
489 2334 571 2379 cetera
587 2314 752 2389 transierunt,
770 2329 856 2382 eurania
871 2331 939 2400 fecta
992 2324 1062 2381 velle
1073 2333 1205 2381 testentur
1230 2339 1379 2382 assensum.
1402 2325 1468 2393 Que
1484 2341 1547 2385 eum
1566 2340 1623 2385 non
1638 2328 1777 2389 neuim

151 2427 208 2471 sunt
222 2432 286 2470 nom
306 2414 337 2488 (l
351 2415 412 2472 Gor.
422 2432 447 2481 u,
461 2415 518 2486 ll).
533 2416 641 2472 Litterae
651 2417 833 2488 ccnejvesten
846 2421 938 2477 cttbe·
992 2413 1133 2471 ridesntur
1147 2415 1255 2480 indicia,
1270 2415 1369 2486 quibus
1384 2416 1417 2472 de
1429 2426 1472 2477 tua
1484 2424 1577 2479 mente
1592 2419 1675 2475 nobis
1689 2436 1776 2490 proce

151 2512 208 2566 lirae
232 2510 294 2565 fidei
308 2510 454 2580 predicant
468 2511 610 2574 unitatem,
625 2524 770 2581 pacemque
797 2511 935 2569 Ecclesia·
976 2505 1776 2580 'dercrouvacredantur,adtestimoniuoaorajmmcesm,

152 2616 210 2656 rum
223 2602 293 2672 regia
316 2601 414 2670 pietate
435 2602 619 2670 pronuntiant.
632 2602 771 2669 Quacum
785 2604 936 2660 debitonn·
991 2608 1020 2653 ul
1032 2598 1079 2653 filii
1092 2600 1176 2655 blitiri
1196 2598 1314 2670 relifliosi
1337 2599 1477 2668 milchi.
1499 2609 1582 2661 rectu
1597 2601 1662 2659 fidei
1675 2604 1776 2663 conist-

150 2706 215 2746 nore
228 2691 395 2761 legerentur,
410 2690 524 2761 qualiter
537 2705 642 2747 mecum
657 2700 729 2748 totus
742 2693 808 2748 ordo
822 2693 935 2750 Romani
989 2688 1065 2747 siorte
1076 2688 1216 2759 pollentes,
1228 2690 1328 2759 pariter
1340 2690 1392 2746 bue
1412 2690 1543 2747 uenirent.
1563 2690 1670 2759 Quibus
1689 2693 1775 2763 utique

149 2782 307 2854 presbyterii
321 2783 401 2838 sitam
415 2782 489 2838 vobis
505 2784 763 2853 prosperitatemque
779 2784 934 2841 continuam
988 2780 1052 2835 vltis
1063 2782 1227 2837 aeslimautue
1249 2797 1302 2838 nott
1321 2783 1400 2839 aliter
1418 2782 1577 2852 destimtm,
1594 2785 1647 2857 nisi
1662 2788 1773 2851 nomini·

148 2883 286 2943 promptos
308 2887 432 2941 exorans,
457 2873 576 2943 repetitis
596 2874 704 2931 assidue
718 2876 829 2931 vocibus
848 2878 935 2933 acela·
988 2873 1250 2940 busdamnatorum,
1265 2889 1409 2945 aquosum
1425 2876 1675 2937 istieommunitme
1695 2879 1774 2943 dista·

148 2963 236 3030 marit,
250 2971 278 3020 et
293 2964 320 3019 bi
334 2967 379 3035 qui
397 2965 492 3021 directi
503 2973 566 3021 suot
579 2965 731 3031 audierunt,
741 2976 768 3022 et
781 2968 878 3038 ubique
888 2985 934 3025 re·
987 2968 1063 3035 bant,
1074 2968 1108 3025 dc
1130 2969 1425 3039 Cotrsmotinopoliteoa
1441 2969 1561 3031 Ecclesia
1576 2972 1635 3042 iam
1650 2976 1772 3044 repulsis.

147 3055 190 3111 ior
213 3065 266 3111 tam
283 3055 404 3125 praeclari
426 3055 511 3111 nuntii
526 3056 623 3125 legatio
645 3057 788 3125 putabatur
812 3058 931 3115 obviare.
985 3059 1076 3130 ltaque
1088 3059 1154 3114 nibil
1164 3073 1309 3129 superesse
1321 3062 1507 3133 perspeximus
1524 3062 1575 3123 ttiei
1587 3072 1617 3121 ot
1630 3063 1658 3121 lsi
1670 3068 1717 3133 qui
1733 3066 1773 3121 di-

146 3146 307 3205 Necessitati
315 3146 404 3216 populi
419 3146 608 3202 Alexandrinae
626 3135 742 3203 ciuitatis
755 3149 840 3218 magis
855 3150 881 3204 in
901 3149 1106 3215 coelectionis
1141 3161 1192 3207 tuae
1217 3152 1344 3223 sgttodica
1371 3152 1544 3225 baiulnbsut,
1569 3160 1773 3218 communionis

127 3245 221 3305 'parte
233 3235 447 3306 prospiciendum
460 3244 511 3299 est,
524 3245 577 3290 uta
593 3236 711 3305 pestiferi
725 3244 933 3297 rectorisretra-
984 3244 1139 3311 apostoticae
1152 3244 1353 3315 participatione
1364 3245 1530 3305 iruerentor.
1551 3247 1606 3309 ssu
1626 3251 1694 3309 dum
1714 3268 1774 3311 eom

147 3327 225 3383 batur
243 3325 356 3382 insidiis.
377 3326 546 3381 concurrant
560 3328 660 3391 omnia,
677 3343 802 3397 rogemus
825 3345 929 3397 ornnes,
984 3334 1048 3403 ipsis
1058 3334 1196 3391 sollicitius
1210 3347 1354 3406 ageretur,
1366 3350 1396 3394 ut
1408 3340 1431 3396 si
1445 3341 1554 3399 mallent
1568 3342 1599 3399 B.
1620 3343 1695 3403 Petri
1708 3360 1776 3417 apo·

146 3427 175 3473 ut
185 3417 409 3489 quemadmodum
420 3417 500 3475 docet
513 3419 657 3488 Apostolus
669 3420 768 3492 (Galat.
784 3437 803 3489 t,
817 3423 872 3493 li),
884 3440 933 3478 ao·
983 3425 1045 3482 stoli
1058 3428 1274 3485 corrrrnunionem
1289 3429 1359 3487 fideli
1373 3432 1455 3489 eorde
1466 3433 1617 3503 suscipere,
1626 3440 1777 3507 responde·

146 3513 246 3569 ieratur
259 3511 293 3568 de
308 3510 450 3583 medioqoi
469 3527 518 3569 nos
532 3516 690 3581 conturbem
703 3525 731 3571 et
743 3533 773 3572 ea
789 3534 868 3589 quam
881 3536 931 3576 aq.
983 3527 1042 3573 rent
1056 3520 1099 3574 vel
1122 3535 1162 3584 sc,
1191 3522 1233 3575 rel
1257 3522 1428 3581 dilectionem
1452 3533 1524 3581 tuam
1541 3526 1576 3585 ab
1598 3527 1788 3588 Alexandrini

144 3613 229 3675 geste
240 3605 378 3663 uteororire
390 3605 457 3673 Leo,
473 3615 548 3676 pater
561 3607 733 3680 eruditorque
748 3621 846 3680 roster,
861 3614 930 3684 jugi·
983 3611 1073 3677 Petri,
1105 3613 1250 3684 acaciique
1281 3615 1408 3686 deinceps
1452 3620 1612 3678 recitatione
1653 3623 1786 3681 iutnratn

145 3707 186 3753 ter
201 3695 359 3762 custodivit,
371 3697 413 3753 uei
425 3712 472 3753 ros
488 3698 695 3769 magnanimiter
715 3716 824 3759 serrare
838 3704 930 3760 decer·
982 3702 1069 3757 modis
1089 3704 1212 3759 omnibus
1228 3707 1369 3772 .alienam;
1396 3708 1435 3763 illi
1461 3709 1529 3766 nibil
1541 3711 1597 3769 sibi
1621 3713 1677 3770 tale
1701 3731 1835 3773 man-

143 3791 217 3859 uitis,
229 3790 408 3853 Ecclesiarum
424 3788 474 3844 lida
484 3806 545 3862 pax,
560 3806 623 3848 scra
633 3794 668 3847 sit
678 3796 766 3850 unitas
780 3813 788 3849 :
804 3797 929 3867 quoniam
980 3793 1070 3849 datum
1090 3795 1172 3849 luisse
1195 3795 1383 3866 perhibentes,
1403 3800 1500 3857 obbtc
1513 3803 1663 3862 salubriter
1676 3810 1835 3878 gratian

142 3882 294 3951 cuicunque
303 3894 424 3950 personae
438 3892 546 3951 paterna
562 3882 636 3947 ludes,
652 3895 680 3940 et
691 3885 761 3940 beati
770 3887 839 3944 petri
852 3904 928 3944 cnm.
980 3896 1077 3939 nostra}
1087 3887 1240 3945 consentire
1253 3891 1404 3948 uoluerunt.
1417 3891 1474 3961 Qua
1486 3909 1581 3951 eorum
1598 3901 1835 3958 cunetationz

142 3974 235 4029 munio
255 3972 334 4029 debet
357 3972 487 4042 pruteni.
511 3973 599 4046 litque
608 3975 641 4030 ad
666 3985 782 4034 vestram
803 3981 927 4050 gloriam,
979 3979 1179 4047 pannonicum
1194 3981 1289 4039 litterae
1309 3984 1466 4052 veneuntes.
1483 3987 1598 4057 relipsa
1620 4005 1715 4048 rernm
1734 3994 1815 4050 tii-—

144 4063 211 4119 sicut
223 4063 329 4132 imperii
341 4064 422 4118 uestri
436 4064 558 4130 inlicitas,
570 4066 607 4120 ita
618 4080 677 4137 post
694 4069 776 4124 berum
792 4074 927 4140 pertinere
977 4070 1088 4139 sibisibi)
1102 4071 1173 4126 iliud
1188 4076 1343 4143 promittere
1361 4077 1507 4145 immitti.
1522 4090 1550 4135 ⁰¹
1562 4081 1664 4138 “lilio
1674 4087 1824 4155 lif-cdi*

140 4155 272 4210 doceatur
284 4153 360 4222 regni
375 4153 492 4209 celestis
507 4155 661 4226 integritas;
677 4169 705 4214 ut
719 4161 926 4222 decooserratie
976 4170 1079 4217 ctorem
1094 4162 1172 4233 longe
1193 4166 1270 4221 aliter
1283 4182 1364 4238 quam
1383 4170 1540 4239 sperabatur
1551 4173 1686 4244 efferret,
1699 4193 1835 4235 orus--s

18 4298 25 4312 .
139 4242 268 4300 Ecclesiae
282 4258 338 4297 satos
354 4242 455 4312 legibus
471 4247 670 4317 tranquillitatis
685 4259 737 4306 tute
760 4253 924 4312 betreroleo-
977 4255 1130 4311 munionem
1155 4247 1262 4327 quidem
1290 4271 1407 4319 bosnam
1428 4265 1580 4322 contristati
1602 4269 1835 4341 distulinnsral

140 4333 204 4388 tiam
214 4332 334 4388 cbristus
344 4346 495 4399 emuniens,
507 4344 535 4391 et
545 4341 701 4408 temporalia
714 4343 761 4400 tibi
771 4343 840 4403 dona
856 4349 925 4404 mul·
975 4361 1053 4415 cutim
1065 4349 1174 4403 retudit
1189 4349 1367 4409 i¹u¹li⁰l²lib⁰⁸
1381 4355 1539 4424 ⁰iiib²¹⁰¹¹⁸
1553 4358 1665 4426 illem
1676 4365 1835 4419 “ibit-‘⁴

138 4421 254 4491 tipitcet,
266 4429 293 4477 et
306 4430 412 4491 prestet
421 4431 530 4479 aeterna,
977 4438 1035 4493 licre
1048 4438 1119 4507 iidei,
1136 4450 1164 4497 et
1177 4443 1237 4506 litte,
1250 4444 1403 4517 quodcirca
1415 4450 1593 4508 ertbodosarn
1607 4453 1688 4511 iidem
1700 4472 1835 4515 con-a

412 4555 579 4613 Eplswm
598 4518 666 4616 xm·
937 4507 1084 4586 nsettsum
1106 4532 1245 4590 nobiscum
1267 4550 1298 4592 se
1318 4535 1416 4593 babere
1438 4544 1581 4610 protoisit,
1605 4547 1774 4605 arbitrantur
1791 4557 1835 4599 Ι

225 4663 325 4704 ,mm
347 4665 419 4704 m
443 4665 472 4705 m
486 4667 520 4705 A„
535 4667 666 4713 mm
690 4671 832 4716 mom
976 4636 1037 4679 esse
1050 4630 1198 4681 tenturam.
1223 4626 1329 4696 Alioqui
1342 4629 1409 4687 nibil
1425 4633 1501 4688 nobis
1516 4637 1618 4704 poterit
1630 4634 1835 4710 imputari?

362 4735 701 4782 qqqsqpfflgqpqqmgqg
975 4715 998 4770 si
1021 4716 1259 4785 complectentibus
1286 4720 1385 4776 leedera
1413 4717 1532 4781 ¹raritatis
1557 4727 1630 4785 beati
1651 4732 1790 4802 aposto!
1805 4743 1835 4777 ⁴

136 4830 212 4912 Μ
226 4831 381 4955 gffawujg,
391 4849 407 4885 a
419 4836 593 4891 „mmmm
606 4848 739 4907 mmm„
751 4847 920 4918 suspenderit,
974 4807 1046 4911 Petri
1055 4809 1190 4912 cntrsortio
1201 4811 1376 4870 Antandrioi
1387 4815 1459 4873 Patri
1468 4820 1586 4878 societas
1594 4824 1835 4895 precentor.

169 4916 229 4969 quttt
259 4901 372 4957 edcucb'
383 4901 455 4957 Petri
472 4920 502 4959 tte
517 4908 733 4965 nocentiusque
747 4915 794 4967 sili
812 4921 920 4973 munde·
974 4899 1030 4955 ¹¹:¹¹²
1043 4915 1114 4956 ‘⁰¹⁰¹
1129 4902 1199 4971 31)ιω
1215 4903 1298 4961 1)θῦῐῦ
1313 4905 1487 4980 ¹¹⁰¹¹¹i⁰0⁵q¹¹0
1501 4912 1690 4985 mmmm,
1707 4914 1829 4975 11ῐί-

170 4982 223 5025 tum
238 4973 425 5043 responderint.
469 4984 604 5031 ortaturut
617 4988 640 5032 et
652 4979 706 5051 ipse
717 4983 921 5051 adbisreeitan·
971 5001 1156 5059 perpetrantes
1169 5008 1223 5051 nou
1236 5003 1334 5053 nestro·
1344 4999 1427 5065 nitio,
1441 5001 1550 5059 sedsao
1569 5021 1686 5074 prorsus
1695 5011 1745 5066 arb
1777 5019 1835 5051 *Ι

167 5042 350 5110 discinderent,
364 5054 388 5096 et
400 5040 498 5099 Zenoni
509 5044 630 5116 idipsum
648 5055 811 5119 persuudeot.
971 5081 1022 5137 πω
1037 5085 1175 5154 gemti,
1198 5086 1322 5159 imque
1348 5100 1410 5149 ,me
1428 5093 1544 5150 um
1555 5096 1661 5154 cmm
1679 5092 1835 5159 ΜΛ

167 5152 244 5275 ⁸Felix
258 5153 368 5212 Placitae
381 5156 831 5260 episeopoconstanstinopolitmo.
878 5232 882 5239 ,
970 5173 1450 5250 omnibusterribiliteriudieandum.
1463 5183 1631 5245 Nonsumes
1646 5196 1835 5261 μαίας-ἢ·

180 5245 319 5303 'ultasunt
333 5261 392 5317 quae
406 5248 485 5305 nobts
498 5250 680 5319 praebeantur
695 5264 747 5313 tuae
767 5258 918 5321 dilectionis
969 5275 1030 5328 ees.
1046 5263 1094 5321 sed
1109 5264 1236 5333 munau
1250 5279 1361 5335 palem
1378 5269 1548 5331 deleatlimas
1562 5292 1571 5330 a
1587 5283 1827 5346 cuemund·

166 5437 180 5512 ξ
193 5426 286 5486 Codex
300 5426 475 5485 virdunensis
488 5430 557 5515 bane
570 5432 663 5491 tribuit
676 5435 782 5505 Gelasio
798 5458 805 5494 :
825 5453 853 5499 st
867 5442 917 5500 Ge·
971 5449 1019 5516 fite
1039 5450 1226 5519 iotiaoaitari,
1245 5454 1291 5509 ted
1305 5457 1445 5513 transmisit
1459 5458 1609 5528 sgnodieare
1620 5479 1696 5536 pape
1709 5467 1802 5521 κο·

130 5499 211 5554 lastus
226 5496 277 5553 hoc
296 5507 416 5583 tempore
439 5500 558 5570 ponttiex
582 5518 634 5587 nutu
659 5516 736 5589 erat,
759 5510 806 5565 sed
832 5512 914 5570 Felix.
969 5534 1052 5573 muno·
1061 5518 1153 5575 Felici.
1179 5520 1229 5586 Qui
1242 5523 1342 5581 modico
1352 5530 1435 5589 ciuem
1455 5539 1569 5598 tempore
1589 5538 1699 5590 moriter
1710 5554 1735 5591 te
1747 5548 1792 5589 ot

129 5568 270 5651 uberim
280 5568 407 5625 ⁸¹¹⁰V¹²f¹¹
419 5585 479 5639 0⁸1>-
491 5573 524 5658 ΞΒ
538 5572 678 5653 {Minima
691 5579 784 5644 millii.
798 5583 914 5652 troctas,
968 5590 1094 5657 decipieris
1109 5591 1243 5658 epistolum
1257 5595 1346 5664 ipsius.
1367 5594 1434 5654 Vide
1445 5596 1627 5670 Nicephorum
1643 5603 1689 5661 tib.
1705 5617 1770 5661 rr!

128 5648 152 5694 et
173 5641 306 5694 ordtnotttr
324 5649 381 5707 poet
403 5656 460 5695 emo
482 5641 595 5696 biaottoa
617 5648 755 5716 presbptrr,
770 5653 813 5718 qui
832 5653 914 5719 [mre
966 5673 1023 5728 cap.
1043 5660 1084 5714 te.
1099 5661 1157 5717 lac.
1174 5664 1335 5721 Stnttonsus.
1765 5642 1776 5675 ’

129 5718 217 5795 tenete
232 5708 343 5773 ibeclor
362 5711 406 5771 uui
419 5725 471 5771 noa
486 5714 608 5776 presensit
628 5716 682 5775 cirre
697 5716 812 5777 llonrono
824 5726 908 5797 popq.
