3810 6254
114 353 168 415 sta
346 416 351 429 Ι
517 406 518 409 ,
551 345 553 348 ’
584 343 586 347 ’
751 340 1105 407 ΕΡΙΒΤΟΒΑΒΙΙΗΙΙΗ
1371 371 1374 376 ·
1691 357 1745 420 atq

116 466 232 529 minibus
245 461 385 522 illustrium
399 463 557 521 feminarum
572 461 652 535 digna
671 459 848 521 similitudine
860 478 907 519 cx·
919 469 946 529 Α
958 467 1165 544 significaretur.
1179 473 1265 532 Pareo
1278 476 1375 547 libens,
1390 478 1417 534 in
1432 485 1562 550 quantun
1582 478 1747 549 aepistola·

116 560 223 637 presens.
247 561 359 632 neptes
382 559 453 632 qaeu
478 559 551 615 illum
571 557 665 615 essert
686 559 810 631 eumue·
824 560 910 623 tron—
936 560 938 566 ‘
961 564 999 622 ns
1013 565 1108 637 pagina
1127 566 1205 634 ιιι,
1219 567 1331 626 renuam
1344 570 1371 626 ι
1387 579 1413 627 n
1433 578 1486 627 san
1506 569 1628 628 omem
1646 570 1748 629 rottro-

114 658 305 722 moianorum,
328 661 420 725 utpote
445 660 651 711 consectaneum
682 652 821 721 aemulati,
847 669 909 712 curn
962 657 1061 714 tudinis
1076 656 1275 730 ingenuitatem.
1299 659 1381 733 igitur
1401 662 1443 719 sir
1466 671 1507 719 est
1531 670 1559 718 et
1577 662 1631 719 iliis
1652 662 1748 734 dignus
1778 643 1785 661 '

116 760 290 811 {eternorum
311 744 417 803 dicendi
432 760 516 818 genus
535 743 699 810 imitaretur.
718 755 855 802 oratorum
873 743 911 801 si·
961 751 1069 822 agnosci
1083 754 1126 824 qui
1148 769 1210 809 cunr
1234 754 1323 812 minus
1345 754 1513 812 familiariter
1533 753 1691 812 intuentur:
1712 754 1749 811 ita

114 844 196 901 roiam
218 846 449 910 nuncupaverunt.
464 835 478 875 b
498 836 599 908 Quibus
618 837 744 894 omnibus
766 851 833 907 eso.
856 837 910 895 im·
963 859 1104 914 personam
1117 860 1193 903 suant
1210 846 1281 902 beus
1299 846 1400 903 arbiter
1417 853 1445 903 ot
1462 846 1541 913 ratio,
1564 856 1667 903 natura
1685 861 1751 903 cort·

117 951 193 993 mstis
211 935 286 990 ‘¹10¹ss
303 942 362 1001 est,
375 938 503 1003 quantum
524 944 632 999 semper
652 929 756 1002 judicio
769 945 831 987 meo
850 944 909 988 ees·
962 946 1102 994 summatae
1116 937 1250 995 felicitatis
1263 938 1326 995 dote
1340 939 1452 1007 sociata,
1467 920 1680 996 cumulaverunt.
1694 937 1751 994 lfo-

119 1029 212 1096 serim,
232 1035 414 1097 quantumque
435 1023 597 1081 seruandam
621 1023 733 1096 singuiis
755 1024 911 1098 pronuntia·
963 1031 1616 1102 ιοιιιιιιιΙιιιιιιιιιοιί,ιιιιιιῑιιιιοιιιιί
1634 1030 1751 1088 nihilne

119 1121 217 1188 terim,
230 1126 381 1189 iempoftlm
400 1130 509 1173 suillum
522 1116 734 1188 mefilol'tlmque
755 1117 911 1190 piaerdssali·
963 1126 1037 1197 pegni
1053 1125 1160 1196 quidem
1182 1125 1321 1182 defraudet
1339 1124 1448 1182 invidia.
1463 1124 1493 1181 Si
1505 1124 1592 1180 [orma
1605 1130 1752 1195 quantur,

121 1226 190 1268 ram.
214 1209 268 1268 sed
282 1207 386 1266 scilicet
408 1206 456 1264 tibi
477 1207 572 1278 parui,
591 1216 697 1280 tuaeque
721 1209 912 1266 examinationi
964 1224 1195 1286 corporearum,
1211 1216 1374 1287 longissimis
1386 1216 1504 1282 ararim,
1518 1215 1665 1286 procerior,
1686 1214 1752 1272 ωι-

120 1302 166 1358 h²⁵
181 1317 236 1358 ¹¹⁰ss
257 1297 436 1357 ¹0⁰0¹¹S³¹¹l¹²⁸
450 1296 514 1372 (¹¹⁰c
527 1299 598 1355 essim
618 1314 712 1371 parum
728 1300 793 1371 0⁸¹),
806 1301 852 1357 ὅθι]
866 1301 913 1357 de·
965 1310 1122 1379 nentiorque
1143 1309 1331 1366 mediocribus.
1354 1307 1457 1379 Capitis
1478 1322 1546 1379 aper
1569 1306 1710 1375 rotundus,
1724 1307 1752 1363 in

122 1395 267 1462 lemnias,
282 1401 312 1450 ut
326 1392 419 1461 aiunt,
435 1391 618 1463 limandasque
632 1393 766 1460 commisi,
783 1394 872 1451 sciens
887 1401 913 1450 te
965 1415 1018 1472 qno
1034 1400 1196 1470 paululuma
1211 1400 1322 1472 planitie
1338 1400 1432 1456 frontis
1446 1401 1474 1458 in
1488 1399 1615 1456 uerticem
1628 1399 1753 1455 cesaries

123 1486 295 1545 immodicum
320 1498 381 1542 esse
404 1483 537 1540 fautorem
564 1498 618 1540 non
642 1485 794 1540 studiorum
820 1484 912 1551 modo,
966 1491 1057 1562 refuga
1076 1492 1220 1560 crispatur.
1234 1493 1332 1549 cervix
1346 1507 1399 1549 non
1421 1491 1497 1550 sedet
1511 1490 1610 1549 nervis.
1627 1488 1754 1546 Geminos

123 1595 216 1638 uersrnr
227 1580 307 1636 etiam
318 1577 509 1636 studiosorum.
520 1576 699 1648 Quamobrem
711 1592 762 1635 nos
772 1593 843 1634 nunc
853 1593 915 1649 per·
966 1583 1047 1640 orbes
1060 1582 1182 1654 blspidus
1195 1584 1398 1654 superciliorum
1411 1592 1522 1640 coronat
1539 1595 1629 1641 arcus.
1643 1581 1673 1638 Si
1691 1595 1755 1638 sero

125 1690 204 1748 qoam
224 1670 426 1730 bassobnndos
447 1672 474 1728 in
492 1670 544 1728 fruc
563 1669 690 1742 deinceps
710 1671 787 1727 famae
805 1672 915 1744 pelagus
966 1679 1028 1736 cilia
1041 1679 1194 1746 flectantur,
1211 1680 1244 1737 ad
1259 1680 1342 1736 maios
1355 1679 1455 1737 modias
1466 1677 1652 1751 palpebrarum
1664 1688 1756 1746 nurgo

125 1767 250 1840 impellis.
265 1766 349 1822 Porro
363 1773 452 1822 autem
467 1779 549 1836 super
562 1764 716 1836 huiusmodi
730 1765 859 1835 opusculo
874 1774 915 1821 tu-
967 1785 1052 1842 propo
1069 1771 1205 1842 persenit.
1220 1782 1233 1821 s
1249 1772 1361 1829 Aurium
1383 1771 1487 1842 legulae,
1503 1772 1571 1827 sicut
1586 1784 1646 1828 mot
1668 1767 1756 1840 gentis

125 1863 177 1918 tius
191 1859 416 1927 conticueramus,
427 1857 546 1915 contenti
562 1868 709 1915 oversuum
720 1856 827 1916 felicius
836 1873 915 1928 quarn
932 1851 956 1913 B
971 1869 1026 1929 est,
1042 1862 1055 1899 ²¹
1074 1860 1188 1918 crinium
1211 1862 1438 1933 superjacentium
1458 1862 1569 1933 flagellis
1589 1859 1755 1932 operiuntur.

125 1955 239 2027 peritius
267 1951 401 2010 editorum
431 1952 579 2022 opinione,
606 1952 640 2008 de
676 1967 727 2022 qua
754 1952 819 2008 turibi
844 1951 916 2023 lam·
970 1952 1057 2010 Nasus
1076 1954 1264 2010 venustissime
1288 1955 1423 2011 incursus.
1449 1954 1536 2011 babra
1559 1954 1681 2021 subtilla,
1706 1966 1757 2009 nec

127 2047 231 2121 pridem
245 2047 272 2102 in
287 2053 366 2116 ports
383 2043 478 2115 iudicii
498 2044 612 2115 publici,
634 2052 695 2115 post
716 2045 858 2102 lividorum
878 2046 918 2102 la·
971 2046 1089 2103 dilatatis
1108 2048 1163 2103 oris
1180 2046 1284 2117 angulis
1297 2047 1433 2117 ampliata.
1446 2047 1475 2104 Si
1495 2060 1559 2102 casu
1579 2046 1699 2103 dentium
1713 2058 1758 2102 se·

128 2135 518 2210 snmumacyilaseuarigatas
530 2135 688 2197 sufficientis
698 2138 790 2208 gloriar
800 2138 916 2195 anchora
971 2141 1026 2197 ries
1038 2140 1160 2196 ordinata
1173 2140 1337 2209 promineat,
1350 2140 1456 2196 niseum
1475 2139 1596 2209 protinus
1608 2150 1758 2207 repracsen-

129 2231 213 2288 scdet
227 2228 281 2287 Sed
294 2229 318 2285 si
332 2236 360 2284 et
381 2228 455 2284 bisce
471 2227 652 2286 deliramentis
673 2230 818 2299 genuinum
833 2231 920 2288 mola·
973 2240 1011 2289 tat
1034 2233 1163 2288 colorem.
1184 2232 1248 2288 Pilis
1267 2229 1334 2287 infra
1353 2232 1457 2288 narium
1477 2239 1552 2287 antra
1572 2227 1757 2285 fruticantibus

130 2338 185 2381 rem
200 2321 300 2380 insidia
320 2336 376 2378 non
396 2320 498 2390 fixerit,
513 2328 632 2378 actutum
655 2321 703 2378 tibi
721 2323 829 2381 anobis
842 2325 920 2381 solu·
972 2323 1127 2396 quotidiana
1149 2322 1273 2379 succisio.
1289 2324 1373 2379 Barba
1388 2325 1512 2379 concavis
1538 2322 1607 2377 birsa
1631 2318 1759 2389 ternpori·

131 2415 202 2473 rdna
215 2414 401 2472 numerosiora
420 2414 585 2486 percopiosis
604 2417 767 2473 scaturentia
787 2417 919 2474 sermoci·
974 2417 1034 2485 bus,
1049 2431 1129 2487 quam
1147 2415 1174 2471 in
1189 2415 1294 2471 subdita
1307 2415 1397 2470 suitur
1412 2423 1489 2486 purte
1505 2420 1657 2483 surgentem
1671 2410 1760 2481 stirpi·

132 2509 284 2573 natiortibus
295 2509 547 2580 multiplicabuntur.
563 2509 638 2567 Vale.
976 2519 1019 2565 tus
1033 2517 1125 2563 tonsor
1134 2507 1260 2562 assiduus
1273 2521 1355 2577 genas
1365 2505 1398 2561 ad
1411 2520 1494 2577 usque
1506 2504 1650 2574 forpicibus
1660 2501 1761 2559 evellii.

376 2638 381 2653 ,
407 2609 575 2668 gptsqogq
595 2612 626 2666 qq,
975 2600 1073 2665 ilenti,
1097 2598 1229 2670 gutturis,
1251 2598 1314 2655 colli
1339 2612 1392 2653 non
1415 2597 1505 2666 obesi,
1526 2596 1573 2652 sed
1597 2592 1762 2660 succulenti,

285 2681 409 2738 siml
422 2679 436 2719 ‘¹
449 2683 578 2754 Agricolae
590 2698 636 2738 ⁸⁸⁰
649 2682 766 2738 willim-
976 2694 1060 2749 lactea
1075 2693 1161 2760 cutis,
1182 2707 1243 2761 quae
1263 2689 1373 2762 propios
1394 2690 1515 2760 inspecta
1536 2687 1648 2758 iuuenili
1667 2684 1763 2741 rubore

167 2769 360 2847 mmmmm
386 2775 553 2846 Willhlff‘fi
574 2784 618 2842 ¹¹²2
645 2776 707 2846 quia
729 2784 742 2814 ‘
761 2776 922 2834 Th⁰⁰ti⁰ri⁶i
974 2785 1147 2843 suffunditur.
1166 2784 1286 2855 Namque
1301 2782 1372 2839 bunc
1395 2782 1434 2838 illi
1458 2782 1555 2837 crebro
1569 2779 1689 2835 colorem
1710 2788 1764 2832 nott

136 2869 204 2939 regis
222 2866 371 2924 Gothorum
390 2869 560 2926 commendat
582 2871 687 2940 populis
711 2870 782 2928 fama
808 2873 923 2931 cirllita-
975 2878 1030 2944 fra,
1047 2879 1094 2935 sed
1109 2875 1270 2933 verecundia
1285 2875 1360 2932 facit.
1374 2875 1485 2930 Teretes
1500 2872 1619 2936 humeri,
1634 2867 1712 2925 ualidi
1728 2868 1765 2923 la-

138 2971 204 3028 tent,
217 2960 314 3017 litteris
328 2959 375 3016 tibi
391 2959 484 3018 formae
499 2978 555 3019 suae
569 2965 714 3034 quantitas,
729 2967 791 3024 ritae
807 2969 939 3042 qualitas
978 2971 1060 3042 certi,
1074 2969 1141 3026 dura
1163 2968 1290 3036 brachia,
1306 2966 1404 3039 patulae
1424 2980 1529 3032 manus,
1544 2964 1688 3021 recedente
1706 2960 1765 3017 also

139 3139 215 3192 fibros
224 3136 408 3209 potcdnrimos
419 3136 533 3220 scripsit,
548 3145 573 3192 et
586 3139 631 3208 qai
641 3137 725 3194 dictas
739 3148 777 3195 est
790 3141 866 3196 sinain
882 3143 924 3197 sni
938 3141 960 3205 C
978 3158 1059 3213 gnunt
1075 3142 1196 3213 adeptus.
1211 3143 1293 3212 liutius
1304 3156 1368 3212 ergo
1379 3140 1466 3196 adbuc
1479 3135 1628 3208 superstitis
1642 3138 1764 3205 formem,

139 3209 268 3275 torporis,
281 3206 347 3277 qaod
360 3215 452 3262 cancta
465 3208 579 3261 imitatos
590 3214 665 3264 esset.
678 3207 776 3264 iulium
790 3211 923 3266 Titianum
980 3230 1081 3279 rnores,
1096 3215 1215 3269 actiones
1229 3228 1322 3268 omnes
1336 3211 1462 3282 graphice
1476 3208 1612 3264 describit.

139 3289 252 3350 utruque
274 3277 380 3333 nomine
400 3285 478 3333 rocat
498 3280 578 3334 etiam
598 3279 732 3336 Ausonius
752 3280 785 3336 ad
807 3281 937 3353 Probum,
1016 3283 1026 3324 ¹
1044 3283 1201 3352 Rusaddir,
1219 3285 1280 3352 quia
1295 3296 1385 3337 rarum
1400 3289 1442 3337 est
1456 3287 1485 3336 ιι
1505 3278 1638 3348 principes
1652 3277 1708 3333 suis
1728 3277 1767 3333 in-

139 3350 217 3419 epist.
234 3345 283 3414 153
303 3345 402 3405 taisson
423 3356 557 3403 oratorem
572 3347 745 3406 Cassiodorus
765 3351 834 3406 libr
850 3353 923 3409 iiivi-
978 3356 1026 3412 risi
1048 3370 1101 3410 non
1123 3355 1187 3410 sint.
1211 3355 1312 3410 Seneca
1335 3352 1469 3424 Thyeste:
1495 3348 1582 3405 Sintai
1603 3349 1654 3402 ista
1676 3349 1767 3403 nsandi

140 3435 231 3475 narum
247 3417 444 3475 Institutionum
458 3417 503 3474 ιδ.
514 3417 596 3488 Cujus
608 3420 715 3489 quidem
729 3423 801 3487 rania
817 3420 925 3479 fuerunt
979 3426 1094 3480 conditor
1107 3426 1191 3492 possit
1203 3422 1284 3490 Deos,
1298 3424 1385 3477 odium
1397 3429 1471 3490 atquc
1482 3435 1598 3489 amram.
1611 3417 1706 3474 Cicero
1718 3433 1767 3488 pro

140 3505 230 3560 opera,
241 3503 300 3560 ιιι
311 3488 345 3546 ab
354 3488 470 3560 arrdquis
480 3488 655 3558 scriptoribus
664 3502 925 3548 commemorantur:
978 3497 1093 3551 flacco:
1108 3497 1136 3566 8
1153 3492 1254 3549 focam
1273 3494 1403 3547 ciuitatum
1428 3491 1490 3562 qnid
1511 3500 1547 3546 ert
1567 3490 1659 3559 capotii
1682 3489 1767 3542 conci-

141 3571 166 3617 ιιι
180 3559 242 3615 libri
256 3559 474 3626 Prouincisruqt,
488 3573 536 3614 seu
546 3557 776 3631 Gosnograpniae,
790 3578 805 3617 a
819 3561 927 3633 Capito·
978 3568 1050 3621 tore?
1064 3568 1091 3619 in
1106 3581 1163 3620 eam
1177 3565 1317 3635 praesim
1331 3563 1374 3634 qssi
1388 3577 1468 3629 asper
1480 3575 1580 3616 sommo
1589 3575 1648 3613 trem
1661 3559 1766 3628 imperio

141 3632 203 3696 lino,
224 3631 355 3688 Sersioct
367 3628 542 3696 caesionum
557 3629 652 3686 sabota
662 3630 781 3702 AEsopine
794 3634 827 3689 ab
839 3635 926 3689 buso-
979 3638 1072 3705 facerit,
1090 3651 1187 3689 suntme
1208 3645 1292 3689 nutent
1312 3635 1339 3687 in
1361 3649 1446 3686 antone
1468 3647 1521 3685 esee
1544 3638 1652 3701 propter,
1675 3645 1767 3684 atomon

142 3703 197 3764 nio:
212 3701 274 3758 libri
289 3701 323 3757 de
336 3700 504 3772 Agricultura
517 3715 533 3755 a
549 3699 690 3766 Diomede;
705 3704 769 3758 artis
784 3702 927 3760 rlretoricm
977 3709 1059 3778 ipsum
1073 3707 1173 3775 imperii
1185 3722 1235 3759 non
1249 3704 1375 3773 posuerit?

142 3777 273 3844 precepta
292 3771 327 3826 ab
347 3770 467 3839 lsidoro;
491 3772 607 3827 tremata
630 3770 774 3841 virgiliana
794 3788 809 3826 a
834 3775 928 3831 Seruio
1016 3776 1118 3832 sNotae
1138 3785 1201 3828 stunt
1214 3774 1304 3844 ligula
1319 3775 1344 3828 in
1366 3787 1466 3827 mensae
1484 3768 1598 3824 vasculis
1618 3779 1703 3823 instar
1717 3783 1766 3824 co-

143 3841 246 3899 eodem.
265 3840 391 3898 Sldonius
404 3838 456 3898 boc
470 3841 530 3897 loco
544 3839 670 3910 epistolas
685 3841 764 3897 etiam
784 3858 800 3898 a
821 3843 928 3900 Titiano
979 3845 1137 3901 clrlearium.
1152 3843 1230 3898 atino
1247 3853 1288 3899 est
1300 3843 1436 3908 cochlear,
1454 3841 1524 3896 aliud
1539 3838 1639 3908 ligula:
1657 3839 1703 3893 scd
1720 3853 1768 3893 nos

143 3912 226 3967 editas
247 3911 392 3983 sigstidcat;
417 3926 470 3967 non
493 3925 587 3975 seras,
610 3911 658 3966 sed
681 3912 756 3967 fictos
776 3914 929 3970 nominibus
979 3916 1058 3971 bodie
1077 3915 1226 3970 coclrlcnrin
1242 3927 1380 3976 vocaturus,
1401 3926 1460 3980 quae
1481 3909 1570 3979 ligulae
1589 3917 1650 3962 sunt
1669 3909 1767 3963 uerius.

142 3983 282 4057 illustrium
295 3982 468 4051 feminarum,
480 3981 573 4054 quales
588 3981 748 4040 suntOsidii
760 3997 820 4054 quas
834 3983 929 4040 lieroi·
978 3987 1019 4041 fib
1043 3987 1135 4041 irarum
1158 3983 1331 4038 similitudine
1352 3983 1455 4036 asrrium
1476 3979 1579 4048 legulos
1598 3977 1681 4042 dixit,
1701 3978 1763 4042 truria

144 4053 204 4109 doun
218 4060 414 4124 nunctrpantur.
979 4070 1069 4111 cursae
1082 4065 1109 4111 et
1121 4069 1193 4109 carae
1207 4061 1282 4118 sunt3
1300 4052 1442 4122 lolliginum
1456 4051 1519 4105 itent
1534 4047 1630 4116 ligulas
1644 4047 1766 4110 camdem

176 4133 190 4162 ¹
202 4123 373 4181 sectatorum
384 4120 500 4179 Cornelii
515 4122 669 4193 Frontonis,
681 4122 727 4193 qui
742 4122 864 4191 princeps
878 4123 928 4178 fuit
980 4127 1015 4179 ob
1029 4140 1136 4180 carneam
1152 4123 1280 4192 Apuleius
1294 4141 1301 4174 t
1315 4131 1344 4176 nt
1357 4131 1465 4186 contra,
1480 4119 1559 4176 lienis
1573 4116 1692 4187 reguiam
1705 4117 1769 4172 aiibi

144 4203 279 4251 oratorum
292 4194 335 4249 sui
349 4192 455 4259 saculi,
468 4195 502 4250 ari
516 4201 619 4268 πρῶτα.
633 4204 662 4249 ιι
676 4204 717 4249 est
732 4195 758 4248 in
774 4194 864 4248 ilionis
874 4193 930 4261 epi·
980 4195 1105 4250 Sidonios
1117 4204 1143 4248 et
1156 4195 1278 4249 Alcimus
1293 4194 1385 4248 Avitus
1399 4192 1538 4255 dixerunt,
1554 4189 1636 4258 patuli
1650 4197 1677 4243 et
1690 4189 1767 4243 recti.

145 4276 224 4334 tome,
237 4272 288 4322 τῶν
301 4265 358 4321 rire
373 4267 498 4336 ‘repetes
512 4267 536 4318 is
554 4262 637 4326 δίκαις
655 4265 798 4341 φιρὸμιιις.
814 4264 931 4319 bisone
983 4267 1037 4321 ileo
1065 4266 1152 4320 minus
1179 4263 1316 4332 eleganter
1342 4263 1502 4320 severimus
1523 4256 1700 4324 britulensis,
1723 4258 1768 4327 qui

145 4336 214 4391 cnitn
238 4350 286 4404 per
309 4334 428 4403 singulas
449 4341 542 4390 aetates
564 4333 671 4389 fuerunt
693 4334 929 4404 pisilosoplrornrtr,
982 4335 1133 4391 cimbalum
1146 4334 1255 4389 turibus
1267 4335 1361 4389 tribuit
1373 4331 1514 4388 bomilinii
1533 4331 1558 4383 in
1573 4327 1757 4382 iieracmeron

145 4415 294 4475 ptselai'nttt,
306 4413 441 4459 orsiofllm
452 4413 531 4459 sectae
543 4413 570 4459 ei
581 4404 695 4460 familiai.
709 4404 742 4460 llt
754 4405 833 4474 igilur
846 4415 931 4472 ptoclae
981 4419 1007 4462 'll
1018 4411 1079 4466 ἀκοή
1093 4428 1152 4476 sxta
1161 4427 1207 4465 τιν
1221 4422 1328 4483 χρησιι·
1340 4425 1401 4475 ιχιι
1415 4409 1460 4464 reis
1473 4399 1539 4473 ὄψιν.
1553 4399 1588 4454 'l'd
1600 4401 1651 4471 γὰρ
1661 4399 1768 4472 srtptsrti-

146 4475 189 4529 aiii
212 4473 371 4545 virgiliani,
394 4473 438 4529 alii
463 4473 602 4540 (fridiani,
626 4484 654 4530 et
678 4474 861 4544 jurisconsulti
884 4475 930 4530 alii
981 4499 1054 4549 prees
1075 4477 1201 4549 aspicies
1220 4476 1354 4545 serpetri
1369 4479 1445 4538 ζῶον.
1467 4472 1592 4540 [regulam
1607 4478 1696 4522 autem
1721 4482 1769 4535 pro

146 4544 279 4612 Cassiani,
293 4544 337 4599 alii
349 4543 500 4599 Proculiani
512 4562 519 4597 ι
530 4544 568 4598 sic
582 4553 702 4600 oratores
712 4559 743 4599 ea
755 4554 835 4599 casato
846 4545 931 4599 Fron-
946 4550 1062 4637 Dllqula
1082 4554 1231 4618 agnoscunt
1250 4546 1330 4600 ctiam
1350 4543 1494 4614 glossaria,
1516 4555 1576 4611 qum
1596 4538 1708 4615 ιυστρὸν
1729 4539 1770 4592 ιι-

146 4613 246 4670 tonisni
259 4613 342 4681 dicti,
356 4614 400 4685 qui
414 4613 558 4670 frontonis
578 4613 751 4670 imitationem
768 4614 931 4683 profitebar·
985 4627 1178 4687 terpretantur.
1680 4676 1687 4690 ,

147 4695 199 4751 tur,
214 4695 242 4740 et
254 4684 371 4740 Festiani
387 4684 509 4751 fortasse,
529 4684 574 4752 qui
591 4685 718 4741 Postumii
742 4684 824 4740 Festi.
847 4684 929 4739 ictus
954 4680 959 4697 '
1016 4686 1029 4724 h
1045 4688 1163 4742 Gotlricae
1176 4687 1261 4756 gentis
1277 4698 1334 4737 mos
1348 4683 1397 4738 fuit
1414 4695 1551 4737 caesariem
1566 4679 1765 4743 discriminare,

145 4755 293 4879 inscrifftio,
308 4751 440 4811 Postumio
455 4753 799 4825 Titianooratorilpronepoti
811 4763 836 4809 et
849 4765 928 4810 secto·
981 4769 1060 4827 nsque
1074 4759 1187 4823 implero
1203 4756 1314 4809 crinium
1336 4753 1441 4821 flogella
1456 4753 1482 4806 in
1496 4765 1575 4805 aures
1585 4759 1613 4805 et
1632 4757 1706 4817 terga
1721 4747 1771 4803 de·

146 4826 193 4878 tori
236 4864 245 4882 .
260 4822 386 4881 Postumii
397 4823 469 4881 Feci
482 4825 603 4879 oratoris.
981 4829 1099 4882 mittere.
1112 4825 1374 4891 isidorusOrigitturn
1385 4838 1462 4877 xxix:
1474 4819 1615 4875 Nonnullae
1626 4826 1770 4888 gertranno

180 4893 194 4933 ¹²
208 4895 265 4950 lion
277 4895 365 4949 solum
378 4893 511 4962 Ciceroni,
523 4910 615 4951 uerssm
628 4897 709 4952 etiarn
721 4896 806 4950 Plinio
816 4903 844 4951 et
855 4893 930 4964 syn·
981 4899 1064 4953 solunt
1076 4897 1104 4950 in
1118 4894 1235 4958 uestibus,
1250 4897 1294 4949 sed
1309 4904 1331 4947 et
1343 4895 1370 4947 in
1386 4908 1490 4961 corpore
1502 4893 1588 4953 oliqso
1601 4889 1649 4942 sili
1663 4902 1769 4956 proprio

147 4965 251 5021 rssaclso.
269 4965 310 5027 ild
324 4965 385 5021 ilios
402 4968 472 5021 cuim
487 4965 572 5030 redit,
589 4976 647 5034 post
661 4980 692 5020 ea
714 4980 773 5035 quse
787 4965 821 5020 dc
842 4964 929 5019 Fron·
981 4970 1053 5038 quusi
1069 4967 1181 5039 insiqnis
1195 4965 1338 5029 uindicaret,
1352 4972 1379 5016 ιι
1398 4963 1510 5016 uidemus
1529 4961 1609 5014 cirros
1624 4955 1769 5012 Germano·

147 5036 263 5106 turrianis
286 5035 407 5092 inseruit.
429 5035 483 5092 fissi
505 5035 605 5100 scirtio,
626 5036 726 5105 inquit,
747 5050 825 5104 qnam
845 5036 931 5100 irnpar
982 5055 1053 5103 raros,
1071 5053 1164 5109 qronos
1184 5045 1207 5090 et
1223 5036 1344 5089 cinnabar
1359 5033 1511 5086 Goffsortsrst.
1526 5029 1576 5086 ilbi
1591 5029 1678 5083 cirros
1692 5029 1773 5110 intel:

140 5105 200 5160 iliis
218 5107 343 5163 omnibus
364 5107 432 5172 sim,
453 5106 497 5174 qui
521 5105 647 5174 epistolas
666 5120 728 5160 sutas
748 5105 931 5173 superioribus
984 5110 1037 5177 ligo
1048 5110 1072 5162 in
1086 5107 1183 5162 nodum
1196 5105 1396 5174 coactoszquod
1409 5103 1542 5172 proprium
1554 5099 1714 5160 Suevorunr.
1726 5113 1772 5169 qut

140 5177 251 5232 seculis
262 5175 413 5241 ediderunt,
429 5176 476 5232 tibi
489 5184 578 5231 tannen
594 5175 683 5243 parui,
697 5184 724 5230 et
740 5174 788 5228 bos
802 5188 875 5229 meas
888 5176 932 5231 sel
984 5179 1111 5248 majorem
1125 5173 1273 5233 Germaniae
1288 5186 1389 5245 partem
1402 5173 1574 5253 obtinebant,
1590 5171 1694 5239 insigne
1709 5168 1771 5224 facis

138 5245 224 5303 ΒΜ
237 5246 356 5314 felicum
367 5247 468 5318 emisi,
984 5249 1112 5304 Tacitus:
1127 5260 1302 5317 granosscso
1321 5244 1378 5301 ltmc
1400 5250 1456 5312 lpsa
1479 5241 1592 5297 cranium
1608 5238 1714 5311 flagella
1736 5239 1772 5296 de

69 5334 76 5338 ·
182 5317 408 5402 filincapparet
422 5326 543 5400 poemata
557 5314 661 5372 Sidonii
686 5315 754 5370 baud
772 5313 853 5386 poulo
871 5324 934 5371 ante
985 5319 1080 5389 quibus
1100 5327 1128 5371 et
1149 5315 1268 5386 synodus
1291 5312 1548 5400 {innectendacum
1570 5311 1606 5432 dqe
1628 5308 1772 5433 lectiorib'ns

133 5389 617 5528 epgstgitszgzrllgrggrrrigfrffiffloe
630 5458 723 5515 uxoris
735 5457 826 5525 fratri,
842 5464 872 5513 ut
884 5456 933 5513 do·
986 5384 1557 5530 {zffierepxerssop'elnstngarrisrsssnhogarssrgz
1569 5396 1624 5508 seire
1632 5394 1678 5531 ser:
1688 5389 1771 5528 ”Tmen

126 5528 217 5583 cobis
229 5529 341 5597 epistola
355 5529 403 5595 fs,
415 5529 462 5585 lib.
475 5544 505 5585 n.
985 5528 1148 5599 exposuitde
1156 5535 1231 5584 reste
1240 5528 1306 5582 laica
1315 5535 1341 5581 ct
1350 5524 1476 5593 oblonga,
1487 5538 1547 5606 cum
1559 5536 1590 5576 ex
1602 5521 1666 5588 ipsus
1688 5514 1771 5571 ardon

140 5662 152 5673 ,
182 5599 338 5654 stnrnioris.
347 5598 407 5656 Iino
420 5599 492 5656 enim
506 5597 584 5666 buius
594 5599 709 5656 nominis
718 5598 931 5669 ifesogotltorutn
985 5599 1076 5655 uerbis
1086 5599 1185 5668 liqueat
1195 5612 1292 5668 granos
1300 5597 1333 5652 ad
1343 5605 1431 5651 restes
1442 5596 1551 5651 minnne
1562 5590 1705 5659 pertinere.
1712 5582 1772 5641 (irl-

141 5678 173 5741 ιι
185 5666 270 5723 Gallia
289 5684 365 5739 reges
381 5669 506 5725 fuerunt:
525 5669 598 5739 prior
611 5667 702 5724 valliae
718 5684 869 5734 successor.
885 5668 931 5738 qui
985 5670 1058 5724 niuno
1075 5682 1156 5738 porro
1172 5667 1275 5739 flagella
1290 5665 1399 5723 ancis
1414 5665 1513 5729 etiam,
1532 5660 1603 5742 regis
1620 5657 1770 5741 praesertim

140 5745 173 5790 tn
185 5753 273 5808 pogna
285 5736 458 5797 Catalaunfoa
469 5739 612 5798 ooctsbuit:
626 5739 695 5798 alter
705 5741 765 5810 eins
778 5741 860 5807 flius,
871 5747 933 5808 post
985 5740 1069 5809 stirpe
1081 5739 1159 5804 reads,
1176 5738 1203 5795 ln
1218 5752 1269 5794 osu
1282 5737 1364 5794 fuisse
1374 5736 1474 5791 docem
1491 5729 1619 5799 spatum
1638 5728 1684 5812 irb-
1699 5735 1773 5808 vesi

143 5798 317 5864 'fluorisntodi
336 5809 425 5866 fratris
437 5810 555 5873 caedent,
572 5823 669 5865 annos
689 5825 775 5878 pugna
791 5813 870 5865 terrio
884 5824 929 5864 re·
986 5809 1130 5878 Gregorius
1142 5808 1306 5865 furcunensis
1321 5807 1367 5860 lib.
1381 5820 1421 5869 ss,
1437 5818 1496 5870 cop.
1509 5801 1560 5864 il.
1579 5809 1608 5856 st
1621 5799 1681 5855 aitss
1693 5797 1772 5854 locss.
