3810 6254
720 268 884 331 canutus.
1583 265 1665 361 ats-

109 410 151 457 ιιι
164 396 408 468 conuocaturum,
425 391 575 464 doceatque
592 395 705 461 nepotes
806 389 836 450 Α
846 384 922 452 Quod
936 382 1276 453 nostevlubetillessner,
1287 382 1396 456 quinon
1410 371 1486 456 pig'er
1495 383 1586 441 bausit
1658 369 1684 471 '¹⁵

109 489 146 545 svl
160 487 257 552 solum,
273 486 320 543 sed
335 486 379 543 avi
392 498 499 557 qnoque
510 483 626 554 jungere
641 479 740 536 lasces.
846 477 961 535 listmins
975 478 1157 535 condemnans
1170 476 1260 546 Anyto
1274 475 1390 546 pallente
1403 488 1547 534 tenentum.

109 590 135 638 ιι
150 588 239 636 tamon
254 591 282 635 et
301 576 470 650 chlamydes,
489 575 586 648 quibus
599 572 646 630 ille
667 570 795 643 magister
846 572 975 638 Dixerat;
991 571 1040 627 illc
1055 571 1135 626 simul
1149 570 1245 639 surgit,
1260 570 1389 641 vultuque
1399 569 1523 627 modesto

109 672 230 729 nmiaoas
244 677 406 740 conspectus
425 665 563 738 splenduit
576 666 669 734 urbes,
846 663 954 720 Tetrica
968 662 1078 719 nodosae
1092 662 1263 719 commendat
1277 661 1357 730 pallia
1371 663 1464 719 clave.

109 780 141 821 us
150 764 262 837 ingestae
275 762 327 818 sub
340 760 639 833 temporepraelecturae
847 754 996 812 Ambnrum
1011 762 1067 808 tum
1080 753 1142 808 dlva
1156 764 1248 807 comas
1261 752 1402 808 vlridantls
1417 753 1506 839 olivae,

109 832 177 924 mus,
190 863 300 911 sanctas
313 867 344 910 se
355 853 442 910 reddit
461 851 578 925 praesule
592 851 676 923 leges.
847 845 916 901 Pace
932 846 1007 915 ligat,
1022 843 1105 900 nec-tlt
1119 843 1237 907 dextras,
1253 858 1284 897 ac
1296 841 1397 900 loedera
1409 845 1531 914 mandat,

109 967 123 1006 n
139 950 166 1005 in
180 948 273 1004 trabea
284 954 424 1017 segmento
436 934 538 1000 luserai
550 943 616 1009 alto,
846 934 1024 1008 Nymphidius
1038 950 1098 1007 quur
1112 943 1205 990 cernat
1220 947 1300 999 avus,
1314 934 1411 1004 probat
1421 938 1539 1009 lltropos
1548 952 1638 1009 omen,
1675 995 1676 998 ,

109 1038 193 1097 triscls
208 1039 313 1095 illustre
328 1037 404 1093 toris.
420 1035 549 1115 ithacesia
565 1033 683 1106 primum
847 1025 982 1098 Fulvaque
995 1024 1145 1083 concordes
1154 1025 1305 1096 punxerunt
1321 1025 1365 1081 llla
1380 1025 1504 1086 Sorores.

109 1177 113 1199 ,
129 1128 298 1200 Dulichiique
309 1129 380 1186 lares
391 1127 554 1197 lormantur,
569 1135 596 1184 et
611 1126 696 1196 lpsam
1072 1157 1157 1233 3⁸1
1175 1149 1318 1215 mum
1338 1157 1409 1213 m

109 1240 155 1296 peu
169 1222 259 1280 ttrdas
275 1223 343 1279 terit
356 1222 494 1278 distexere
509 1221 585 1277 telas.

109 1333 135 1373 ut
149 1316 193 1372 blc
208 1315 319 1385 lrustra,
334 1314 376 1372 bis
388 1324 464 1385 rapta
476 1312 601 1383 conjuge,
616 1309 708 1382 pulsat

109 1407 216 1472 fidibus,
230 1407 316 1477 Mem
327 1413 469 1477 P⁰⁸lll¹¹³¹¹¹
483 1401 625 1460 temerarit
635 1399 744 1465 Altini,
848 1406 980 1463 Pboebum
994 1413 1022 1460 et
1035 1414 1076 1460 ter
1092 1412 1182 1460 ternas
1197 1403 1301 1460 decima
1315 1419 1376 1470 curn
1392 1405 1499 1465 Pallade
1509 1405 1610 1477 unns,

109 1500 175 1556 less
189 1506 296 1570 putans,
312 1498 408 1552 iterum
421 1509 473 1551 non
485 1494 594 1566 respicit
608 1492 729 1547 umbram
847 1498 1020 1577 crpueyque,
1034 1507 1063 1553 er
1075 1498 1181 1552 laticem
1192 1490 1349 1569 sinuosum,
1362 1498 1442 1554 tonitr
1454 1500 1555 1575 equina

109 1599 147 1648 '0¹
160 1590 266 1646 Μῦθὸῑθ
278 1587 389 1659 Plae¹²²⁰
401 1587 515 1657 ⁰⁰¹¹J¹¹bl¹¹
526 1586 607 1640 lilim
847 1590 1034 1664 Ogygiamque
1044 1588 1152 1661 chelyn,
1164 1605 1229 1662 ¹quce
1242 1604 1306 1646 sara
1322 1591 1448 1663 sequacia
1460 1578 1572 1651 llectens

109 1696 140 1738 re
156 1698 163 1735 ε
180 1695 261 1750 quam
279 1693 376 1736 cernas
390 1678 534 1734 Parcarum
549 1676 649 1731 vellere
661 1676 688 1731 in
703 1675 762 1747 lpso
848 1683 989 1752 cantibus,
1006 1684 1110 1740 auritos
1124 1684 1212 1740 erexit
1225 1686 1345 1740 carmine
1358 1701 1461 1756 mums,
1529 1706 1534 1713 ·

109 1787 128 1828 Β
142 1760 295 1842 Wlfflin,
309 1769 365 1825 ΜΟ
378 1777 521 1840 pistillum
535 1768 657 1823 Sillim·
808 1760 834 1825 Β
847 1776 953 1846 Sperne
968 1770 1042 1845 ll'dis;
1055 1777 1141 1848 magis
1154 1776 1199 1834 illc
1212 1778 1273 1833 veni
1288 1793 1360 1835 nunc
1371 1781 1483 1852 spiritus
1492 1797 1541 1839 oro

871 1271 884 1311 b
900 1285 1110 1328 rucusassvtoms
1125 1287 1159 1327 so
1179 1285 1298 1327 rausrua
1313 1287 1446 1329 smnus
1465 1289 1617 1339 sstsoopurs.

109 1874 252 1933 rntmrum
267 1867 348 1921 bauai
361 1865 467 1922 lucebat
483 1866 510 1921 in
526 1877 603 1928 auro,
847 1865 1005 1923 Pontidoem
1020 1864 1128 1923 dicture
1143 1875 1229 1939 tuum,
1245 1868 1291 1938 qui
1304 1878 1413 1938 pectora
1432 1873 1528 1942 prisce
1600 1922 1607 1941 ,

109 1961 203 2033 tsglnta
217 1975 296 2016 enses
310 1960 415 2031 genitor
429 1958 526 2030 quibus
538 1958 637 2028 impius
650 1964 735 2027 aptat,
848 1956 956 2013 latrasti
971 1954 1073 2027 llario,
1089 1957 1200 2029 rapiens
1209 1972 1270 2014 cum
1286 1968 1412 2031 tympana
1426 1961 1515 2021 siccus

113 2051 273 2109 concordem
287 2049 420 2107 discordia
435 2050 508 2121 iussa
523 2051 650 2105 lurorcm.
848 2047 930 2103 lsrael
940 2046 1053 2119 appensi
1067 2061 1115 2118 per
1128 2060 1245 2104 concava
1259 2049 1371 2121 gurgitis
1385 2051 1446 2116 iret,

109 2143 314 2215 lypcrmnestrae
328 2151 451 2198 servatus
465 2154 578 2197 munere
591 2139 714 2211 Lynceus
850 2138 999 2210 Aggeribus
1009 2136 1126 2195 vallatus
1135 2153 1225 2210 aquas,
1236 2139 1392 2213 mediasque
1406 2156 1457 2214 per
1470 2143 1556 2201 undas

109 2280 116 2307 ,
131 2235 246 2308 aspicias
257 2234 331 2290 illam
347 2233 400 2289 sibi
413 2248 493 2304 parva
505 2240 659 2303 paventem,
849 2228 1040 2286 Pulverulenta
1051 2237 1125 2285 tuum
1140 2229 1272 2286 clamaret
1286 2231 1363 2288 turba
1380 2232 1556 2306 triumphum.

112 2325 224 2382 dimisso
234 2333 337 2380 tantum
351 2323 452 2395 pallere
462 2323 567 2379 marito.
849 2322 953 2392 Quique
970 2336 1079 2378 manum
1090 2320 1184 2379 ludlrb
1198 2323 1338 2380 lerientem
1352 2324 1421 2382 colla
1436 2322 1589 2386 llololcmis
1658 2398 1660 2403 g

109 2418 222 2477 elevem
235 2416 262 2472 ln
275 2415 376 2472 lormae
389 2423 484 2481 mutat,
495 2416 594 2485 quibus
608 2415 655 2471 ille
670 2424 762 2472 tenere
850 2413 962 2482 Juvisti,
976 2419 1072 2470 exciso
1083 2414 1168 2493 jacuit
1179 2429 1240 2471 curn
1254 2425 1363 2488 gutture
1374 2425 1496 2491 truncus,

109 2508 320 2579 llnemosynem,
346 2506 490 2577 Europam,
517 2505 652 2571 Semelen,
682 2505 795 2571 Ledam,
849 2506 883 2564 Et
895 2505 999 2579 lragills
1012 2507 1103 2563 valido
1116 2505 1193 2563 latuit
1208 2507 1278 2564 bene
1296 2523 1377 2565 serus
1393 2513 1420 2566 in
1435 2512 1500 2569 ictu.

567 2594 758 2674 [Cynosuram
849 2599 983 2670 llxpresso
993 2600 1035 2656 rel
1048 2599 1096 2670 qui
1111 2599 1252 2671 complens
1265 2598 1299 2655 de
1312 2601 1411 2656 vellere
1423 2603 1536 2675 pellem,

109 2703 138 2758 ts,
155 2690 214 2755 bos,
227 2687 340 2757 lnlmcn,
354 2704 468 2762 cygnus,
482 2691 611 2764 Dictynna
624 2690 739 2747 solebat.
847 2689 1023 2762 lulleicnsque
1034 2689 1132 2747 debinc
1144 2704 1198 2746 uon
1209 2698 1279 2749 tacto
1290 2692 1391 2751 vellere
1403 2703 1513 2765 terram,

109 2798 122 2839 e
141 2797 207 2855 opos
222 2784 248 2837 in
263 2790 364 2838 turrem
388 2784 495 2849 Danau,
511 2782 683 2855 pluviamque
696 2782 798 2840 mctalll
849 2781 976 2838 Firmasti
988 2780 1127 2854 Gedeona,
1144 2782 1214 2838 tubis
1229 2781 1329 2839 inserte
1349 2786 1465 2854 canoris,

109 2884 115 2930 t
126 2873 169 2930 lic
178 2875 232 2930 alio
245 2875 362 2930 stillabat
375 2873 497 2946 luppiter
507 2889 584 2930 auro.
610 2914 613 2919 .
849 2873 978 2944 Spiritus,
991 2881 1019 2929 et
1028 2873 1087 2937 solo
1099 2872 1172 2930 venit
1184 2873 1295 2930 victoria
1309 2883 1399 2937 caum

109 2968 163 3035 'rgo
176 2964 310 3035 aspiciens
325 2967 390 3022 vidit
403 2967 544 3023 Tritonida
554 2980 635 3024 verso
849 2962 953 3034 Quique
963 2965 1043 3019 etiam
1057 2973 1223 3035 assumptum
1240 2966 1361 3035 pecorosi
1373 2966 1407 3022 de
1419 2978 1525 3043 greget
1540 2968 1617 3029 iuss

109 3070 131 3124 e,
142 3055 296 3110 doctlsenas
309 3067 431 3125 spectare
443 3055 570 3112 libentius
584 3066 656 3112 artes
672 3073 678 3106 t
849 3054 953 3111 lllllasti
968 3067 1070 3126 regem,
1082 3055 1205 3128 plaustro
1220 3070 1281 3112 cum
1296 3056 1408 3115 laederis
1423 3074 1514 3117 arcam

109 3153 162 3203 utat
171 3159 306 3202 commota
322 3161 426 3211 manus,
443 3162 474 3203 nc
487 3147 585 3218 pollice
598 3147 679 3202 docto
809 3134 835 3201 G
849 3149 994 3219 imponens
1005 3147 1102 3217 bostis,
1117 3146 1192 3203 nullo
1203 3148 1362 3205 moderante
1374 3149 1501 3220 bubulco,

109 3239 312 3310 s·plsllosopni
323 3239 460 3295 victricem
477 3241 484 3271 ¹
497 3239 580 3294 Laida
593 3238 687 3310 ooeplt,
849 3238 980 3297 Proderet
990 3237 1136 3295 obscenum
1152 3239 1269 3309 turgenti
1286 3238 1382 3311 podice
1393 3242 1528 3300 morbum.

109 3318 181 3402 ydlcl
194 3344 241 3400 per
255 3341 345 3384 menta
360 3329 420 3396 leri,
434 3345 585 3401 rugosaque
598 3330 676 3398 colla,
850 3334 954 3404 Quique
967 3331 1047 3388 trium
1057 3330 1193 3403 quondam
1205 3346 1348 3403 puerorum
1364 3333 1390 3388 in
1406 3335 1482 3391 lauce
1494 3340 1607 3406 sonasti,

109 3419 236 3476 doraum
248 3423 379 3476 redolenti
392 3419 494 3491 lorclpe
509 3421 631 3476 barbam.
850 3427 925 3494 Quos
942 3424 969 3479 in
983 3419 1101 3478 cllaldal
1117 3423 1221 3492 positos
1232 3422 1341 3480 lornace
1352 3417 1470 3496 tyranni,
1657 3416 1660 3421 ’

109 3521 123 3567 ι
137 3510 237 3577 Pallas,
248 3522 376 3583 castoque
391 3513 447 3568 baec
461 3513 563 3569 addidit
577 3527 625 3569 ore
639 3531 646 3568 :
851 3516 966 3572 Roscida
980 3514 1121 3572 combusto
1134 3513 1276 3570 madelccit
1291 3514 1396 3570 llamma
1410 3497 1545 3574 camium

110 3612 169 3659 stra
185 3603 297 3658 ulterius
313 3603 414 3659 ridebis
427 3605 561 3675 dugunnu,
575 3608 652 3676 virgo
851 3609 932 3681 302
947 3606 1051 3676 Quique
1064 3604 1226 3661 volubilibus
1238 3607 1398 3677 spatiantem
1414 3609 1543 3667 tractibus
1554 3611 1609 3668 alvi

109 3698 171 3764 tplto
187 3703 302 3766 ruptura
313 3712 390 3763 meo;
407 3710 486 3768 mage
500 3698 625 3754 flammea
640 3714 760 3768 sumens,
852 3698 998 3769 complesti
1014 3697 1121 3763 donam,
1137 3704 1266 3753 resonant
1280 3697 1344 3754 dum
1360 3698 1464 3756 viscera
1479 3703 1592 3759 monstri

109 3798 165 3844 tter
178 3789 237 3844 sine
250 3797 321 3845 terat
333 3803 411 3860 opus.
427 3788 566 3860 consurge
581 3791 728 3861 sopitorum
853 3794 1001 3849 introrsum
1011 3789 1143 3863 psallente
1155 3789 1226 3855 cibo,
1238 3789 1280 3845 vel
1295 3789 1413 3860 pondera
1427 3795 1529 3850 ventris

109 3895 151 3936 urm
163 3877 268 3936 Polemi
279 3881 371 3947 decus,
387 3895 419 3935 ac
434 3897 506 3938 nunc
516 3882 600 3937 stoica
615 3883 723 3939 tandem
850 3885 950 3956 Jejuni,
964 3881 1089 3954 plenique
1103 3892 1191 3937 tamen
1202 3888 1263 3936 vate
1274 3880 1446 3949 intemerato,

109 3973 255 4043 mpsrcilln,
271 3982 299 4028 et
313 3969 430 4044 Cynicos
445 3973 563 4030 imitatus
576 3986 709 4043 amantes,
851 3977 949 4032 Ructat
963 3970 1045 4028 cruda
1059 3971 1158 4037 lames;
1174 3985 1254 4042 quem
1268 3968 1472 4040 singultantibus
1483 3973 1554 4029 extis

108 4079 123 4121 s
142 4065 239 4122 iterum
255 4081 367 4136 paruum
382 4067 447 4121 milri
464 4066 535 4122 lcrrc
549 4067 673 4123 Platona.
851 4066 981 4123 Esuriens
993 4062 1095 4118 vomuit
1112 4074 1245 4130 suspenso
1261 4058 1351 4115 bellua
1364 4074 1466 4115 morsu.

109 4166 160 4212 tem
172 4157 218 4212 tali
233 4157 376 4226 compellat
388 4172 456 4214 voce
474 4158 619 4228 magister;
853 4157 957 4228 Qulque
967 4154 1066 4225 duplex
1080 4152 1214 4222 quondam
1231 4150 1327 4206 tenlsti
1338 4155 1365 4206 ln
1380 4159 1474 4223 pectus
1488 4152 1584 4225 llllsel,
1640 4189 1641 4192 =

109 4247 207 4315 libens,
222 4263 274 4304 neu
289 4258 317 4304 tu
327 4249 439 4307 damnes
450 4248 661 4322 lortasselugari
855 4246 1002 4307 ‘lbosbltsn
1017 4258 1079 4301 cum
1090 4241 1161 4300 lorte
1174 4256 1266 4299 senem
1277 4240 1333 4314 jam
1344 4242 1485 4300 llammeus
1498 4246 1558 4302 axis

814 4415 843 4478 1)
890 4408 960 4464 tlte
983 4406 1082 4461 Fausto
1100 4401 1269 4459 liciorumll
1308 4401 1442 4457 llinarlum
1463 4401 1647 4475 cpiscopodi·

108 4472 140 4529 tlt
158 4487 244 4529 annus
264 4473 363 4529 Cltrlsti
383 4474 560 4547 Dionysiacos
572 4475 635 4532 tlt.
666 4475 694 4531 ln
715 4475 801 4535 altero
855 4488 929 4537 otum
951 4476 985 4532 ad
1004 4477 1084 4546 epist.
1106 4477 1135 4540 3,
1154 4472 1202 4528 lib.
1217 4488 1255 4527 tx.
1270 4415 1306 4526 ff
1323 4486 1393 4526 ntrnc
1414 4476 1513 4543 gratias
1532 4475 1587 4546 agit
1600 4477 1651 4543 du·

116 4543 329 4600 dntisiodorensi
350 4544 442 4600 cadem
467 4547 622 4602 constitutio
639 4546 736 4601 lactum
756 4562 805 4616 sp-
855 4551 918 4622 plici
930 4548 965 4604 de
981 4560 1073 4616 causa,
1088 4554 1143 4600 tum
1163 4545 1234 4613 quod
1253 4543 1373 4612 germani
1388 4541 1479 4599 fratris
1497 4544 1538 4600 sul
1553 4548 1649 4602 adole-

109 4628 140 4683 tr,
154 4615 188 4669 ab
201 4614 343 4669 lllncsnaro
365 4616 492 4671 edictum.
509 4616 546 4671 Ex
564 4619 628 4687 ipsis
641 4627 731 4672 autem
745 4617 805 4687 cius
857 4619 1001 4686 scentiam,
1022 4617 1049 4673 id
1068 4625 1110 4673 ost
1126 4615 1239 4671 amicam
1262 4613 1335 4668 vitiis
1359 4622 1477 4680 etatem,
1499 4615 1650 4686 discipline

109 4724 113 4751 ,
128 4692 156 4740 ut
173 4684 225 4741 alla
239 4685 328 4742 desint
339 4697 507 4754 argumenta,
521 4686 598 4742 lacile
609 4697 652 4743 est
666 4687 803 4758 colligare,
855 4706 912 4747 sum
926 4687 1096 4747 commissam
1111 4684 1225 4740 lideliter
1241 4683 1355 4746 rexerit:
1372 4691 1427 4738 turn
1442 4685 1515 4753 quod
1529 4687 1650 4758 seipsum

109 4768 150 4810 rec
167 4756 201 4810 ad
216 4755 420 4812 Constantinum
437 4767 579 4827 tyrannum
594 4757 690 4813 relcrri
711 4772 802 4828 posse,
857 4762 939 4817 lteios
962 4760 1028 4815 olim
1050 4755 1198 4824 prolectant
1218 4760 1342 4809 amanter
1363 4755 1511 4825 exceperit,
1535 4760 1568 4813 ad
1593 4774 1651 4815 ma·

109 4826 168 4894 ulos
187 4827 353 4896 aliorumque
366 4836 540 4897 tyrannorum
559 4826 689 4885 desidiam
710 4837 802 4895 notct;
857 4841 980 4899 tremqutt
993 4825 1163 4883 salutandam
1175 4823 1328 4879 deduxerit.

109 4897 325 4952 ,Constantinum
342 4896 478 4967 llngnutn,
492 4896 613 4966 quamvis
629 4899 672 4954 nic
689 4899 805 4967 primum
893 4911 905 4940 t
928 4897 1062 4955 llemoriac
1076 4896 1175 4965 lapsus.
1190 4893 1271 4948 liavid
1282 4896 1354 4948 enirn
1366 4907 1456 4949 coram
1466 4908 1526 4950 arca
1541 4897 1651 4963 cecinit,

109 4965 211 5021 ensium
235 4966 293 5021 urbi
308 4967 495 5022 Corrstautintc
515 4981 612 5021 nomon
632 4967 803 5041 imposuerit,
857 4980 885 5028 et
895 4969 1002 5025 saltavit
1011 4981 1073 5024 oum
1083 4964 1650 5032 ittaorediousnoinadabadobed-bdon,

111 5034 169 5091 nlra
197 5050 255 5093 eus
288 5047 394 5091 oetatem
418 5051 470 5092 non
499 5036 587 5092 solum
611 5035 753 5097 Petronius
776 5049 806 5095 et
857 5040 1009 5107 indequein
1021 5036 1114 5099 urbem
1128 5035 1240 5091 deducta
1254 5042 1306 5093 est.
1321 5034 1343 5090 ll
1357 5033 1471 5105 Regum,
1487 5050 1524 5091 rt.
1536 5039 1573 5095 At
1588 5039 1652 5093 Psi-

117 5106 241 5231 Africus
259 5106 389 5176 praelecti,
411 5108 597 5163 verumetiam
616 5117 718 5179 septem
742 5107 805 5169 Gai·
858 5108 938 5169 listai
957 5117 1021 5177 ants
1035 5106 1153 5172 bavidis,
1170 5106 1224 5162 iuno
1238 5116 1301 5160 anto
1314 5105 1403 5163 Saulis
1426 5105 1497 5174 regia
1509 5105 1653 5176 inaugurn·

109 5190 136 5231 rr
149 5175 269 5232 sociarum
285 5176 381 5232 divisio
393 5176 483 5234 luerit.
856 5181 971 5247 tionem,
993 5176 1065 5235 itudo
1082 5175 1130 5239 illo
1148 5175 1259 5233 vulnere
1278 5175 1409 5244 percusti,
1425 5189 1517 5235 artam
1532 5177 1654 5248 plaustro

111 5246 216 5317 ogenis,
230 5261 246 5300 a
261 5262 314 5317 quo
333 5246 442 5304 laidem
464 5262 574 5304 tutorem
594 5248 700 5305 dumam
716 5248 806 5322 prodit
858 5253 918 5308 sinc
938 5258 1045 5309 rectore
1062 5246 1219 5303 secundam
1240 5246 1423 5315 imposuerim
1438 5262 1446 5301 t
1460 5261 1515 5318 titt
1529 5257 1652 5319 temporo

113 5331 157 5380 lis,
167 5317 282 5377 Ἀληθοῦς
293 5321 416 5406 Ἱστορίας
428 5335 455 5372 ιι.
471 5323 585 5392 Διογένης
596 5322 641 5390 μέν
655 5318 804 5382 ὁΣινωπιύς
858 5337 918 5376 cum
933 5321 960 5377 in
972 5333 1037 5392 dm
1049 5326 1146 5388 sponte
1160 5314 1338 5382 constitissem
1353 5316 1426 5372 iudi!
1440 5326 1485 5375 etl
1497 5317 1527 5377 in
1538 5317 1650 5381 dim·

109 5407 134 5441 ιν
139 5387 261 5456 μιτὶὸαλι
267 5394 312 5442 τοῦ
320 5408 425 5462 τροπου,
436 5394 501 5445 ὥστε
510 5390 729 5463 γῆμαιΛαΐδατὴν
737 5393 806 5446 ι’ταὶ·
859 5391 1007 5447 Abinadalb
1022 5388 1033 5443 Ι
1046 5389 1159 5458 Regum,
1176 5402 1202 5442 vl
1215 5392 1243 5443 ei
1258 5402 1303 5441 vll.

109 5458 223 5528 »χεῖσθαι
237 5460 262 5513 τί
275 5460 325 5513 ὑπὸ
342 5461 418 5530 μέθης
433 5464 596 5533 ἀνιστάμενον
609 5465 649 5517 καὶ
661 5471 804 5536 παροινιῑν.

111 5588 211 5645 bricius
229 5589 297 5645 Bill.
314 5591 361 5645 Gr.
375 5602 440 5648 torn.
460 5594 504 5658 lll.
526 5595 662 5667 papilii,
687 5593 803 5650 miratur
859 5597 972 5659 Ἀιηθοὺς
985 5596 1112 5670 ‘trraplae
1128 5593 1174 5650 lib.
1192 5608 1221 5659 u,
1239 5593 1315 5662 quasi
1331 5592 1461 5651 verebor
1472 5593 1545 5649 souti
1566 5593 1572 5607 ’
1622 5604 1649 5664 ις

109 5660 187 5715 udum
210 5660 243 5714 nd
264 5662 333 5715 liutto
352 5664 453 5718 Sidonii
470 5668 556 5721 losurn
572 5668 715 5721 adnotasse
737 5665 801 5721 Lai·
859 5682 920 5723 curn
941 5667 968 5721 in
989 5665 1023 5723 iis
1047 5662 1124 5721 libris
1145 5665 1312 5720 narrationes
1338 5662 1413 5719 lictae
1432 5662 1572 5732 scripsert
1593 5665 1650 5725 bu·

109 5730 797 5806 tutoremductamaltirrgertocynicoexbuciaui
859 5737 962 5806 cianus.
1328 5749 1332 5765 ·
1587 5752 1591 5761 ·
