3810 6254
196 284 253 341 683

198 394 331 463 Rictibus,
340 403 420 464 atque
435 406 511 449 escas
519 391 611 462 jejuna
621 388 698 446 leuce
708 393 858 458 parantem,

199 491 264 549 Plus
274 486 382 552 catulis,
396 484 490 540 strauit
504 483 622 557 (luerent
643 496 703 538 nam
719 478 849 549 iregmlna
867 475 990 549 propter)

173 597 182 609 ’“
200 594 213 621 r
225 585 367 651 arreptam
378 577 412 634 de
421 584 499 633 caute
511 575 614 647 lupam,
629 575 780 644 tractusque
790 572 884 627 moleri

202 674 320 730 Dissiluit
334 681 438 738 uertex,
451 678 480 727 et
488 684 583 725 saxum
593 669 703 723 uulnere
716 666 796 722 sedit.

199 770 247 828 Sic
258 781 334 824 meus
354 765 474 830 Alcides,
490 763 670 820 Nemeaedunr
682 760 796 817 saltibus
806 769 889 825 errat,

199 861 325 920 Occurrit
334 869 456 916 monstro
470 873 581 925 uacuus,
597 871 651 912 non
664 855 760 911 robora
776 864 900 924 ponnus,

199 954 258 1015 Nun
273 953 434 1024 pharetras:
454 951 531 1008 stetit
542 950 583 1007 ira
598 960 727 1014 tremens,
743 957 823 1017 atque
836 945 913 1001 hoste
928 957 991 1014 pro·

848 1039 959 1111 [pinque

200 1141 340 1198 Consuluit
354 1139 427 1196 solos
440 1140 525 1194 uirtus
539 1138 651 1206 deceptu
666 1136 794 1191 lacertos.

201 1233 287 1289 Parra
301 1231 419 1301 quidem,
435 1229 548 1285 dicenda
563 1238 653 1283 tamen
671 1244 678 1280 :
696 1227 755 1296 apriis
773 1223 922 1296 promptior
942 1220 994 1277 isto

201 1327 288 1383 'Fensa
301 1325 416 1382 catenati
428 1323 586 1379 submittere
600 1321 669 1376 coila
683 1319 810 1376 molossi?

201 1418 236 1474 lit
249 1419 341 1474 lustris
356 1416 486 1473 recubare
500 1415 570 1469 ieras
586 1415 734 1482 interprete
744 1425 810 1466 nare

201 1509 312 1566 Discere
322 1524 374 1563 non
388 1509 471 1572 uisas,
486 1515 516 1560 et
531 1508 557 1560 in
571 1520 634 1561 aere
644 1519 767 1574 quaerere
782 1502 912 1574 plantas?

200 1601 259 1657 iam
274 1601 297 1657 si
312 1602 381 1656 torte
395 1613 471 1655 auem
485 1599 626 1654 latratibus
643 1598 782 1667 improbus
798 1597 901 1653 Umber

201 1693 319 1759 Terruit,
333 1693 456 1749 albentes
470 1692 548 1762 nigro
562 1692 613 1747 sub
621 1700 730 1762 gutture
746 1692 822 1746 lunas

201 1787 338 1857 Frangere
352 1785 431 1840 ludus
444 1794 513 1854 erat,
527 1783 736 1854 colluctantique
753 1784 853 1840 lacerto

200 1879 282 1935 Vesta
296 1893 344 1948 per
357 1876 485 1934 adversas
498 1877 629 1934 uenabula
642 1892 739 1948 cogere
753 1875 868 1947 praedas.

200 1968 448 2040 Quampulcbrum,
462 1985 524 2026 curn
549 1969 619 2026 torte
638 1968 747 2025 domum
770 1979 832 2039 post
853 1968 936 2024 lustra
953 1982 996 2023 re-

839 2059 961 2134 [vertens

203 2156 323 2213 iiurrcrc
338 2157 492 2227 splenderet
502 2156 571 2227 apri,
586 2156 726 2227 uirtusque
739 2166 891 2225 repugnans

199 2249 332 2306 Proderet
345 2250 457 2305 inritum
473 2265 522 2320 per
532 2248 612 2305 iurtia
626 2248 696 2304 lacta
711 2247 853 2318 pudorem.

201 2340 247 2398 Sic
260 2341 414 2398 Pandioniis
425 2348 508 2396 castre
522 2339 678 2396 tritonidos
688 2340 773 2406 arvis,

200 2433 362 2504 ilippolptus
375 2448 455 2490 roseo
469 2432 484 2471 b
499 2433 599 2488 sudans
614 2433 736 2488 radiabat
749 2431 783 2486 als
794 2444 852 2498 ore,

200 2525 253 2582 seu
268 2527 348 2590 simul
360 2541 375 2581 a
389 2527 497 2596 gemino
512 2524 628 2595 flagrans
641 2540 703 2581 curn
717 2525 813 2580 cressa
833 2523 925 2577 lurore

201 2615 280 2688 337
296 2616 415 2672 Transiit
423 2615 522 2671 ellectu
535 2625 648 2681 matres,
664 2626 691 2671 et
705 2614 798 2672 lraude
821 2627 960 2670 novercas.

200 2711 270 2779 Quid
282 2711 419 2767 uolucrum
436 2711 566 2777 studium,
581 2710 627 2765 dat
640 2725 708 2781 quas
723 2719 818 2766 natura
831 2722 958 2780 rapaces,

203 2801 233 2857 in
247 2802 343 2872 uulgus
359 2818 443 2873 prope
457 2801 620 2872 cognatum?
631 2803 691 2872 quis
705 2801 811 2857 doctior
821 2803 873 2858 istu

199 2894 316 2954 institnit
332 2898 418 2952 uarias
432 2911 480 2965 per
494 2896 585 2951 nubilo
595 2896 708 2966 iungere
724 2896 806 2952 litesl

199 2988 270 3045 Alite
281 2990 363 3044 vincit
376 3002 451 3053 ares,
465 2987 601 3058 celerique
616 3003 664 3058 per
679 2990 781 3043 aertrera
796 2987 889 3057 plausu

199 3079 256 3137 lice
270 3081 335 3136 nulli
352 3081 448 3136 melius
461 3090 594 3149 pugnatur
607 3080 705 3134 militat
720 3080 827 3148 unguis.

200 3172 254 3230 Nec
267 3174 356 3229 miuus
370 3171 427 3229 haec
439 3172 510 3226 inter
522 3170 611 3226 cirilla
623 3170 684 3239 jnra
693 3182 813 3238 secutus,

184 3405 186 3409 '
236 3412 250 3441 ι
264 3399 416 3474 [regendum
428 3408 539 3472 onepte.
554 3404 655 3457 Sensus
665 3397 737 3454 enim
750 3406 791 3454 est
806 3398 908 3470 lupam,
927 3398 992 3455 dnm

201 3474 293 3529 sibiet
312 3472 407 3528 catulis
424 3485 513 3527 escam
535 3471 640 3535 ouaerit,
656 3468 762 3524 obuiam
785 3467 884 3525 laetam
903 3470 993 3537 Auito,

837 246 959 329 sunem
978 268 1206 327 mantuanus
1785 262 1833 328 ιιι

1004 389 1031 448 Α
1045 393 1057 422 0
1069 382 1182 453 Eligitur
1196 381 1309 452 primus,
1323 377 1440 449 iuvenis,
1451 378 1537 444 solus,
1552 377 1621 434 mala
1635 376 1733 434 tractes

1042 475 1142 545 Alliget
1155 482 1185 530 ut
1196 474 1299 545 patriar,
1316 480 1463 543 poscatque
1476 470 1698 528 intormerecidit

1045 566 1186 638 Vectigal;
1201 581 1343 637 procerum
1356 576 1412 621 turn
1425 564 1494 620 iurte
1504 566 1642 637 potentior
1652 565 1718 629 illic,

1046 660 1110 717 Post
1124 662 1204 715 ctiam
1219 660 1355 730 princeps,
1367 658 1544 714 Constantius
1556 658 1648 713 omnia
1663 666 1787 730 prestat,

1045 754 1135 812 indole
1149 754 1253 810 delirus
1265 764 1349 818 tanta,
1363 764 1390 808 et
1403 754 1516 808 miratus
1528 752 1554 806 in
1566 752 1644 806 annis

1045 847 1139 903 Parsis
1149 845 1251 914 grande
1266 848 1376 910 bonum,
1393 844 1434 900 uel
1450 846 1477 899 in
1492 860 1540 900 ore
1556 843 1693 914 precantis
1708 841 1806 913 ephebi

1045 940 1132 996 Verba
1148 939 1232 995 senis.
1247 939 1327 995 Ducis
1338 938 1400 993 binc
1414 954 1514 1008 pugnus
1527 944 1556 993 et
1568 937 1667 994 loedera
1682 952 1777 1008 regum

1046 1031 1178 1097 Pandere,
1195 1031 1290 1097 ilonm,
1304 1031 1379 1086 libet.
1392 1031 1479 1086 Variis
1490 1031 1596 1086 incussa
1612 1029 1738 1099 procellis

1047 1126 1193 1192 Bellorum,
1210 1123 1222 1162 ¹¹
1240 1127 1295 1195 regi
1310 1125 1403 1180 Getico
1420 1138 1464 1180 rua
1479 1123 1565 1179 Gallia
1581 1125 1655 1194 pacis

1047 1216 1162 1288 Pignora
1175 1216 1248 1285 jussu
1265 1216 1330 1271 dare
1340 1228 1382 1270 est
1397 1233 1405 1268 :
1421 1216 1491 1271 iuter
1503 1232 1562 1287 qrrae
1578 1215 1679 1271 nubilis
1691 1217 1775 1270 obses

1048 1308 1098 1375 Tu,
1115 1308 1267 1374 Tireudore,
1280 1309 1365 1373 venis,
1382 1323 1463 1376 quem
1473 1324 1522 1379 pro
1535 1309 1636 1377 pietate
1651 1307 1796 1380 propinqui

985 1440 988 1446 ι
1048 1403 1160 1472 Erpetis
1171 1403 1199 1458 iu
1214 1403 1301 1457 media
1315 1412 1327 1440 ⁰
1342 1403 1424 1472 pelliti
1438 1402 1566 1472 principis
1579 1402 1641 1456 sula

1049 1497 1144 1564 Tutus,
1158 1498 1247 1562 Avito,
1265 1496 1337 1562 lide,
1354 1495 1448 1565 probat
1462 1496 1514 1550 buc
1525 1495 1580 1564 jam
1596 1493 1751 1550 Theudoris
1761 1491 1816 1549 altu
1899 1511 1905 1522 ·

1049 1589 1211 1660 Exemplum
1226 1589 1308 1644 oltlcii
1322 1605 1331 1642 r
1347 1604 1391 1643 res
1406 1589 1474 1643 mira
1487 1597 1515 1642 ct
1528 1587 1608 1655 digna
1622 1586 1721 1654 relatu,

1049 1683 1126 1751 Queri
1142 1683 1224 1739 lucris
1237 1681 1363 1751 blandus,
1376 1682 1431 1751 regi
1449 1680 1580 1750 placuisse
1593 1680 1691 1736 leruci.
1709 1726 1711 1731 .

1011 1771 1037 1832 B
1051 1776 1119 1833 ltine
1131 1787 1155 1832 te
1169 1774 1296 1847 paulatim
1310 1775 1431 1846 praelibat
1440 1774 1564 1831 sensibus
1576 1774 1647 1843 imis,
1718 1788 1725 1796 ·

1050 1870 1139 1941 litque
1150 1868 1248 1924 animis
1265 1869 1322 1922 vult
1335 1882 1395 1924 esse
1405 1883 1499 1934 suum3
1516 1867 1563 1923 sed
1577 1866 1686 1936 spernis
1699 1863 1816 1920 tunicum

1049 1962 1112 2017 Plus
1126 1977 1205 2031 uuam
1221 1961 1371 2016 Romanum
1382 1975 1478 2031 gerere
1493 1976 1500 2014 r
1516 1968 1609 2028 stupet
1632 1959 1679 2014 iiie
1694 1957 1803 2029 repulsa

1049 2055 1083 2111 Et
1098 2055 1157 2125 plus
1167 2053 1229 2108 inde
1239 2054 1348 2122 places:
1365 2051 1480 2123 rigidum
1494 2053 1544 2118 sic,
1560 2049 1675 2123 Pyrrhe,
1689 2048 1803 2106 ridebas

1049 2145 1216 2209 Fabricium,
1234 2145 1352 2214 ingestas
1366 2145 1526 2199 animucum
1538 2144 1620 2199 diuite
1634 2141 1705 2213 lugit

1049 2236 1154 2305 Pauper
1167 2251 1242 2307 opos,
1258 2251 1348 2306 regem
1365 2245 1500 2303 temnens,
1512 2234 1575 2290 dnm
1590 2234 1714 2305 supplice
1732 2246 1814 2289 censu

1050 2332 1149 2403 Pignus
1159 2331 1286 2386 amicitie
1297 2331 1342 2386 vili
1356 2330 1488 2387 mendicat
1503 2329 1629 2402 abaurc.

1053 2423 1062 2463 ¹
1077 2424 1183 2479 betium
1199 2423 1314 2490 interca,
1327 2422 1454 2494 Scythico
1467 2421 1528 2493 quia
1543 2435 1617 2489 saepe
1631 2417 1726 2476 duello

1050 2518 1132 2589 333
1144 2516 1273 2581 iidoctus,
1287 2517 1424 2586 senuerim
1440 2514 1486 2585 qui
1501 2527 1654 2585 quanquam
1664 2511 1759 2568 celsus
1768 2508 1797 2567 tn

1049 2702 1093 2760 nn
1108 2704 1167 2759 sine
1181 2703 1313 2773 regessit,
1327 2716 1389 2758 curu
1404 2699 1559 2772 plurimam
1571 2696 1702 2756 sineillo.

1054 2807 1067 2847 s
1082 2798 1147 2853 Num
1163 2807 1224 2868 post
1237 2797 1391 2869 lrtthungos
1401 2807 1429 2853 et
1439 2797 1538 2852 Norica
1550 2795 1632 2866 heila,
1644 2794 1761 2852 subacto

1050 2893 1143 2949 Victor
1158 2891 1333 2961 Vindelico,¹¹
1351 2893 1469 2962 belgam,
1486 2890 1640 2962 Burgundio
1654 2904 1740 2961 quem
1753 2894 1814 2945 trux

1050 2983 1200 3051 Presserat,
1215 2986 1330 3042 absoluit
1342 2987 1452 3058 junctus
1466 2985 1533 3051 tihi;
1549 2985 1665 3041 uincitur
1675 2982 1732 3041 illic

1050 3078 1137 3136 Cursu
1152 3080 1278 3148 ilernius,
1294 3081 1404 3137 Chunus
1425 3078 1532 3151 jaculis,
1553 3079 1727 3150 Francusque
1742 3086 1858 3135 natat-

1012 3159 1037 3225 C
1052 3173 1211 3231 Sauromata
1225 3175 1332 3247 clypeo,
1347 3175 1438 3233 Salius
1452 3172 1532 3246 pede,
1547 3173 1614 3231 laice
1625 3170 1761 3243 Gelonus,

1087 3398 1098 3440 ἲ
1117 3400 1220 3471 Duplex
1235 3401 1372 3470 expeditio
1385 3401 1492 3468 bellica,
1511 3403 1539 3459 in
1561 3416 1614 3472 oua
1637 3407 1756 3470 utmuue
1772 3398 1879 3455 Aet-

1050 3471 1112 3528 duci
1138 3487 1229 3528 comes
1249 3470 1298 3527 luit
1322 3474 1426 3530 Auitus.
1452 3472 1509 3529 Una
1528 3471 1658 3528 aduersus
1678 3467 1837 3541 iuthungo-
1888 3482 1905 3502 ‡

202 3545 236 3600 ab
248 3558 344 3613 eoqrre,
360 3559 419 3597 cum
439 3556 514 3596 arma
530 3541 583 3595 alia
602 3539 737 3606 deessent,
758 3539 815 3596 saxi
829 3539 899 3612 quod
924 3541 996 3597 inter
1051 3542 1136 3599 altera
1160 3543 1291 3599 aduersus
1308 3544 1521 3613 Burgundiones.
1546 3543 1614 3599 (lunt
1632 3540 1784 3611 lnthungis

201 3616 297 3670 uicinae
310 3616 384 3682 rupis
398 3613 547 3683 Fragmenta
566 3612 635 3667 torte
654 3613 774 3667 oblatum
791 3621 842 3673 cst.
862 3611 917 3667 ictu
932 3627 996 3682 pro·

201 3693 324 3743 stratam.
339 3686 430 3757 ltaque
444 3686 473 3740 τὸ
489 3693 591 3752 propter
608 3680 728 3739 hocloco
740 3682 860 3740 adverbii
874 3683 933 3739 uice
947 3698 995 3754 po-

202 3760 294 3821 situm,
302 3764 331 3810 ut
344 3756 423 3819 inira,
435 3764 562 3825 secatque
571 3755 692 3825 magister
706 3763 809 3826 propter
820 3755 995 3809 constiterunt.

238 3824 252 3865 b
266 3829 368 3882 Sararo
382 3826 492 3895 aliique,
504 3827 606 3881 sudum.

239 3907 251 3935 ⁰
268 3897 355 3952 Prima
366 3897 424 3952 brec
439 3897 509 3951 Auiti
522 3897 634 3966 legatio,
652 3911 713 3951 cnm
731 3896 765 3952 ab
785 3895 914 3951 arvernis
936 3896 994 3951 suis

202 3969 306 4025 eraudi
320 3968 410 4023 tributi
426 3982 505 4023 cause
519 3970 616 4024 missus
631 3979 672 4023 est
693 3966 727 4021 ad
752 3965 902 4021 lionorium
921 3967 990 4037 hug.

202 4038 231 4095 lu
243 4040 321 4109 hujus
337 4040 407 4094 enim
423 4040 481 4092 nula
497 4040 668 4093 annonarios
685 4052 787 4102 coines,
810 4038 852 4092 cui
865 4045 993 4108 nupserat

1050 3623 1125 3683 gesta
1139 3615 1301 3670 subannnm
1316 3613 1417 3671 Cbristi
1429 3614 1493 3681 ihu,
1505 3615 1539 3670 ad
1555 3628 1635 3685 quem
1655 3611 1786 3683 Prosperi
1818 3612 1863 3635 ’

1051 3684 1154 3742 thoeuni
1166 3686 1247 3742 rerba
1260 3696 1337 3742 sunt:
1348 3685 1635 3757 Aetiusdutbttngerum
1649 3694 1755 3768 petrum
1766 3683 1800 3741 de
1835 3705 1895 3722 κ’

1050 3755 1248 3812 intercludam
1262 3758 1406 3813 bisantem
1422 3757 1574 3814 Vindelicos
1582 3756 1671 3828 iungit
1683 3766 1712 3813 et
1720 3753 1787 3819 Nor'
1797 3774 1834 3799 ν·
1883 3775 1893 3782 ·

1049 3829 1097 3951 Jui
1119 3835 1183 3884 tunc
1199 3843 1252 3882 una
1273 3830 1386 3883 tortasse
1402 3827 1573 3886 rebellarant.
1606 3825 1706 3882 idatius
1730 3831 1893 3882 postea·

1069 3898 1178 3970 utbnrtpi
1186 3916 1231 3966 por
1241 3901 1341 3954 Aetium
1352 3898 1513 3954 debellentur
1526 3908 1550 3955 et
1561 3897 1851 3968 Noriretpostpa·

1049 3968 1084 4025 de
1098 3985 1164 4026 nece
1178 3969 1275 4027 Felicis
1286 3969 1408 4040 patricii:
1427 3973 1516 4026 rtatim
1529 3970 1585 4026 due
1594 3968 1731 4040 utriusque
1749 3967 1851 4024 cutte

1050 4039 1138 4098 Nerua
1148 4041 1249 4097 edomet
1264 4043 1425 4098 rebellantes.

202 4110 319 4166 Pincidla
334 4111 393 4178 ejus
413 4124 498 4163 soror.
519 4110 577 4174 Quo
594 4123 666 4162 anno
689 4115 813 4177 peracta,
832 4106 875 4163 vel
898 4107 993 4175 ouibus
1087 4113 1153 4167 elta
1167 4126 1199 4167 ex
1213 4114 1329 4183 antiquis
1343 4114 1525 4180 correximus,
1542 4127 1592 4184 pro
1609 4108 1776 4183 Fitirungos.
1787 4106 1893 4175 Qu

202 4189 258 4236 tum
273 4180 394 4234 cladibus
409 4179 490 4233 iuncte
503 4177 584 4232 luerit
598 4179 697 4249 patria,
713 4193 766 4233 non
778 4177 873 4248 liquet.
888 4177 942 4233 Sed
956 4178 994 4233 ie·
1054 4183 1133 4239 etiam
1152 4184 1233 4239 modo
1251 4183 1423 4256 castigandus
1445 4184 1552 4240 viderur
1573 4183 1754 4255 panegyricus
1776 4174 1868 4234 (io
1886 4193 1888 4204 ’

107 4314 113 4322 g
202 4262 292 4323 gamm
306 4251 425 4320 oportuit
437 4258 499 4303 aute
512 4262 612 4303 auruum
634 4248 705 4312 iil,
732 4247 794 4317 quia
816 4249 867 4303 boc
885 4248 993 4303 demum
1051 4253 1339 4326 stantii131Caes.
1370 4254 1654 4324 NamVitlrungorum
1681 4241 1903 4310 ιΙίιιὶιιΙΙι

203 4337 273 4376 anno
288 4318 460 4374 Corrstantius
473 4319 500 4371 iu
515 4319 681 4373 consortium
697 4318 804 4389 imperii
820 4318 854 4375 ab
874 4318 995 4375 Honorio
1051 4334 1094 4380 est
1108 4329 1218 4380 mentio.
1235 4325 1362 4396 Jutbungi
1378 4336 1484 4394 nutem,
1504 4337 1533 4383 ut
1553 4324 1729 4383 Marcellinus
1750 4320 1898 4381 ιιοαοῑι

202 4392 398 4470 ὓὸῦῑῑῦῦθὸῑ·,
497 4459 544 4470 ..
610 4460 614 4469 ,
793 4459 799 4471 ,
1051 4395 1260 4452 ΑΙιιιιιιιιιιοιιιιιι
1278 4412 1349 4465 pam,
1365 4396 1458 4452 nattis
1470 4395 1640 4464 contermini,
1653 4380 1896 4466 quas'proinde

239 4458 433 4540 dllreortoneo
447 4473 556 4521 semon,
571 4475 614 4528 qur
628 4457 776 4514 Gothorum
792 4477 819 4515 rn
835 4460 919 4517 Gellia
934 4471 994 4533 post
1050 4465 1311 4523 crebrouenabnru.
1340 4468 1498 4523 Ambrosius
1522 4467 1715 4535 delegatione
1738 4478 1786 4520 sua
1855 4446 1890 4529 ’P

203 4528 316 4584 Vallram
331 4546 379 4584 rer
392 4530 449 4585 lun.
466 4530 610 4596 Gregorius
625 4529 726 4583 Furon.
750 4530 925 4588 Theudonem
947 4548 993 4588 ro·
1046 4536 1194 4593 hiaximmn
1213 4538 1266 4592 :ln
1281 4537 1364 4594 medio
1381 4538 1495 4593 ilunrmu‘
1512 4538 1616 4610 imperii
1637 4537 1697 4592 rinc
1717 4532 1886 4591 senatu

202 4610 257 4667 cat,
271 4601 396 4656 Sidonius
406 4600 566 4683 'iheutlerim
581 4609 609 4656 et
623 4600 834 4657 Tlrcudoridarn.
849 4602 992 4659 Gothicum
1047 4607 1699 4679 popatrbrnrurltaertar:niumatoersmtmbee
1737 4600 1882 4659 taff-⁸¹

204 4671 361 4755 antemnae
371 4671 467 4738 locrius,
484 4687 511 4725 m
524 4688 575 4740 quo
587 4671 642 4754 dati
656 4680 720 4726 sunt
735 4673 843 4729 obsides
858 4690 872 4728 a
888 4676 991 4741 Gallis;
1046 4693 1097 4733 nur
1120 4682 1216 4734 accitur
1231 4690 1279 4734 est.
1298 4681 1369 4736 Olim
1381 4682 1462 4737 ctiam
1477 4680 1538 4737 inde
1553 4679 1621 4748 puisi
1635 4692 1652 4733 a
1665 4676 1699 4734 du
1713 4678 1775 4733 iano
1787 4672 1880 4729 ''⁸¹‘'

202 4749 282 4813 ultus
296 4759 323 4798 tn
337 4743 381 4824 1118Ι
392 4741 555 4824 Theodorus
566 4746 637 4824 hvttr
654 4743 832 4826 propinquus,
844 4757 905 4815 pust
925 4750 993 4804 Are-
1048 4759 1110 4807 rant
1121 4765 1167 4818 per
1178 4751 1367 4806 Barbationem
1383 4752 1522 4817 comitem,
1538 4759 1567 4807 nt
1581 4751 1653 4807 idem
1669 4753 1766 4805 narrat
1776 4740 1879 4801 [²¹⁵

201 4813 343 4897 tatemere,
357 4829 383 4868 m
394 4813 488 4895 bitur,
499 4812 667 4895 obsrdrouem
681 4815 794 4885 intelligi
817 4816 914 4885 debet,
929 4833 991 4875 curn
1045 4821 1161 4878 caltinus
1172 4822 1220 4881 tib.
1236 4837 1299 4877 narr.
1310 4823 1385 4879 Nune
1397 4823 1424 4877 in
1436 4820 1530 4878 iisdem
1543 4820 1600 4877 oris
1613 4834 1663 4889 per
1672 4818 1783 4875 neura
1818 4802 1878 4882 di*

202 4884 395 4949 lirendorrcus,
416 4891 445 4939 ut
456 4884 572 4940 isidorus
588 4901 614 4938 m
627 4884 764 4941 Clrrnnico
774 4888 886 4953 scribit,
907 4904 992 4958 regnu
1047 4892 1149 4949 bellati.
1165 4893 1252 4949 Fuere
1267 4902 1356 4949 tamen
1367 4895 1448 4949 etiam
1461 4894 1533 4950 inter
1545 4886 1877 4949 tredentostmtmnb

201 4958 361 5039 Aquitanico
377 4969 428 5010 '¹0¹¹
448 4964 672 5037 contentusero
688 4956 781 5011 urbem
800 4957 921 5023 θῦδθᾱῑῑ,
943 4960 993 5014 110·
1047 4964 1098 5019 sub
1113 4963 1180 5019 duce
1193 4964 1288 5036 Syrie,
1300 4977 1328 5020 et
1338 4965 1388 5019 sub
1400 4965 1498 5020 comite
1510 4965 1547 5020 rei
1562 4961 1749 5033 militarispur
1760 4952 1877 5016 mi·

200 5041 249 5081 nee
260 5035 417 5083 nnmmcnte
431 5027 509 5080 Aetio
521 5027 631 5082 liberata
646 5032 698 5092 est,
711 5041 798 5093 atino,
827 5040 856 5085 ut
874 5029 993 5101 Prosper
1047 5044 1134 5106 ptum,
1148 5045 1177 5090 m
1189 5045 1231 5091 esa
1244 5037 1271 5091 tn
1285 5035 1395 5091 Noutria.

201 5107 286 5162 nrrtnt,
302 5098 366 5152 tib.
382 5096 481 5178 Dignus
495 5097 566 5179 enim
577 5099 654 5153 venia
665 5098 807 5178 digmus,
819 5101 865 5169 utri
880 5099 992 5156 mendo·
1083 5103 1174 5162 httaec
1188 5106 1371 5163 premonuitis
1384 5105 1430 5161 itta
1444 5105 1537 5162 clades
1569 5116 1603 5160 pa
1618 5093 1875 5175 &modion-⁸¹

199 5181 260 5221 surn
275 5181 368 5222 nactus
379 5168 498 5222 codicem
512 5184 538 5222 m
552 5183 606 5239 quo
620 5183 691 5238 regis
704 5183 802 5233 nomeu
812 5170 992 5227 delormatum
1047 5180 1172 5233 urrirersa
1191 5192 1261 5249 pene
1276 5192 1342 5248 gens
1357 5192 1404 5248 per
1423 5176 1531 5232 Aetium
1550 5119 1659 5237 fluere.
1676 5182 1822 5244 ,quartu
1859 5154 1880 5204 ¹¹

199 5247 269 5362 ἕέῥιῐιί,
280 5237 608 5375 ὗὲὓιῖἓέἒιθιιοιθῖιιιὸῑιίιέιιιιι
621 5239 677 5309 jam
691 5241 797 5311 pridem
812 5241 928 5311 obierat,
945 5258 990 5300 re·
1047 5247 1163 5318 Prosper
1173 5249 1386 5304 etcaesicrlorus
1410 5255 1522 5314 notant,
1544 5244 1728 5301 Valentiniani
1744 5234 1880 5299 cerff.

237 5389 248 5419 ⁸
264 5379 343 5448 Regis
353 5376 512 5435 Gothorum.
525 5383 625 5438 Auctor
638 5383 766 5439 carminis
786 5383 821 5441 de
844 5384 993 5443 Providen-

197 5450 246 5522 tia,
261 5449 333 5522 quod
343 5449 468 5521 Prosperi
479 5453 604 5522 operibus
620 5454 774 5511 insertum:

1048 5319 1115 5385 latu,
1133 5334 1203 5374 antro
1218 5318 1317 5376 Christi
1330 5319 1394 5375 ⁴35.
1410 5316 1510 5374 ilarius
1531 5359 1536 5369 .
1562 5313 1783 5441 Burgundiones,
1839 5302 1881 5358 ’Ψ

1047 5391 1230 5444 osculaverunt
1243 5408 1258 5444 ιι
1271 5390 1404 5456 Romania,
1420 5389 1486 5444 duee
1500 5389 1573 5442 Aetio
1584 5390 1615 5443 de
1631 5386 1758 5441 citantur.
1770 5375 1829 5439 lfl
1848 5371 1881 5413 *ω

1047 5467 1143 5515 auctor
1155 5468 1275 5517 estcaesa
1294 5461 1322 5516 in
1335 5463 1385 5518 troc
1398 5461 1493 5530 praetre
1512 5459 1597 5515 luisse
1614 5456 1652 5512 ati
1674 5455 1764 5513 millia
1778 5440 1886 5548 5⁸1⁰

1047 5531 1227 5599 gunduinum,
1244 5531 1408 5595 Gothorum,
1429 5531 1476 5600 qui
1496 5531 1537 5586 eis
1555 5526 1769 5593 aurttiabautrrr.
1783 5512 1867 5577 '⁴
1880 5588 1888 5599 ..

1048 5601 1142 5656 millia.
1157 5601 1283 5658 Sidonius
1294 5618 1369 5667 vero,
1380 5616 1441 5658 curu
1456 5601 1658 5670 nrulusgemes
1671 5613 1736 5669 quaa
1748 5595 1808 5653 ich
1822 5572 1879 5631 ’ω

979 5748 983 5754 Α
1048 5673 1218 5799 ιυυιῖίῒιειιίι
1230 5682 1308 5731 eraut
1320 5678 1474 5747 numenei,
1484 5670 1523 5735 dc
1538 5669 1639 5731 (iubila
1651 5665 1754 5731 altr&
1767 5646 1889 5729 ν

244 5566 314 5628 Quod
325 5567 345 5616 st
356 5565 419 5617 torte
428 5566 497 5629 lupos
519 5567 659 5635 tyneasque,
672 5583 793 5635 ursosque
804 5583 900 5624 creatos

242 5628 373 5691 Displicet,
383 5606 550 5702 arldscptbicus
559 5645 682 5695 proceres,
695 5645 821 5699 regesque
834 5634 952 5686 Getarum

243 5689 359 5763 ltesptre,
367 5703 437 5754 quera
446 5700 512 5743 ostro
523 5703 662 5760 contempto
670 5702 697 5747 et
707 5697 805 5748 vellere
812 5698 910 5761 Serum,

242 5750 435 5806 elimacem
447 5763 486 5808 est
495 5760 574 5823 tergis
587 5762 691 5814 benere
702 5763 817 5814 terrram.
