3810 6254
190 304 245 373 tae
828 311 949 368 stoeuu
969 311 1195 369 sequestratus
1778 319 1834 377 aaa

189 442 267 495 snus;
282 443 342 498 quaa
352 428 515 482 vicinaretur
525 424 684 479 innocentiae
699 423 822 481 festinata
837 431 979 484 correctio.
993 433 1021 490 Α
1033 443 1125 484 eoram
1151 430 1304 485 narratione
1324 429 1475 500 patefaciet.
1502 429 1568 485 Naar
1590 429 1740 500 prudentiae
1763 438 1832 493 satis

189 520 284 593 licque
307 522 380 575 enim
400 519 556 589 quisquam,
581 518 661 573 etiam
680 517 731 573 sibi
758 519 827 576 bene
847 525 979 589 conscius,
1034 520 1135 586 eliciat,
1161 520 1300 591 epistolari
1321 520 1445 576 lormulse
1472 520 1591 577 debitam
1619 522 1832 582 concinnitatem

188 614 252 684 plus
268 611 355 666 lacere
370 609 557 679 praesumpsit;
573 610 595 663 si
612 610 671 678 quis
688 619 777 666 tamea
801 622 896 668 vestrae
920 628 982 668 cor·
1033 612 1172 682 plurifario
1188 627 1319 686 sermone
1341 614 1488 684 porrigere.
1512 613 1583 671 Sane
1604 615 1666 685 qnia
1680 617 1830 676 secuudum

187 705 322 775 repticnis
337 703 450 758 orbitam
462 718 513 758 raon
531 703 639 774 reliquit
661 722 667 756 ι
688 706 787 775 quippe
800 720 861 761 cum
879 721 911 763 ea
925 707 982 777 ipsa
1032 704 1076 759 vel
1089 703 1203 768 notitia,
1218 704 1261 760 rel
1273 703 1370 774 judicia
1393 715 1516 771 terrena,
1540 705 1632 761 solent
1645 707 1722 779 167
1735 706 1831 779 buius·

187 811 249 867 quac
271 795 400 865 legimus,
424 795 560 864 parcentis
582 795 663 849 verba
693 810 832 863 censurae,
857 798 981 852 maximae
1033 798 1104 852 modi
1126 796 1248 853 homiues
1272 799 1397 853 honestas
1418 797 1519 855 babere
1538 813 1651 866 causas;
1667 810 1694 855 ιιι
1717 815 1828 873 queque

186 887 388 944 emendationis
402 888 574 942 incitamenta
586 888 649 941 sint.
666 886 807 958 Numquid
824 899 981 960 potestesse
1033 895 1109 958 potes
1125 886 1204 956 hujus
1219 887 1358 954 laboriosi,
1370 889 1420 943 etsi
1447 889 1588 959 impugnas
1599 890 1750 961 perfidiam,
1767 908 1831 963 pra-

187 980 374 1051 castigationis
389 980 501 1049 hujusce
517 989 610 1036 tencre
624 983 778 1051 pretiosius,
797 983 823 1038 in
840 999 891 1054 qua
912 984 981 1039 torte
1032 993 1151 1049 pugnare
1165 992 1318 1048 personam.
1341 980 1442 1037 Memor
1458 981 1543 1037 nostri
1559 997 1620 1040 esse
1635 983 1764 1055 dignare,
1779 985 1829 1042 do-

185 1084 300 1145 peccato
310 1075 415 1130 animus
430 1089 511 1143 auger,
527 1075 628 1144 reperit
641 1075 805 1132 intrinsecus
818 1076 979 1145 remedium,
1032 1069 1104 1126 mine
1116 1084 1194 1140 etet·

185 1159 249 1224 eum
274 1183 325 1223 aon
348 1169 452 1223 valeret
469 1169 639 1223 extrinsecus
662 1169 782 1225 invertire
811 1170 981 1226 castricium?
1309 1166 1475 1223 aristosa
1494 1168 1551 1224 llll.

186 1263 264 1329 erad
275 1270 409 1333 superest,
423 1261 608 1329 obsecramus,
625 1272 655 1317 ut
674 1247 769 1319 crebra
787 1265 910 1320 oratione
933 1279 980 1335 per
1121 1254 1245 1313 Sidonius
1257 1258 1360 1314 damino
1375 1276 1448 1332 pape
1463 1258 1477 1297 ‘¹
1491 1260 1604 1318 Patienti
1616 1263 1735 1325 uineas.

185 1370 265 1425 quarn
279 1355 352 1410 uitiis
364 1354 488 1409 omuibus
501 1354 619 1410 immane
632 1355 819 1423 dominamini,
844 1370 892 1410 nos
911 1370 980 1426 qua·
1067 1347 1171 1418 Aliquis
1182 1350 1299 1420 aliquem
1311 1394 1318 1416 ,
1331 1366 1381 1422 ege
1399 1353 1474 1408 illum
1489 1356 1622 1425 praecipue
1633 1366 1699 1427 putu
1713 1374 1764 1414 suu
1783 1362 1824 1415 ri·

185 1462 239 1518 que
262 1450 332 1502 sicut
353 1447 525 1518 evangelicos
544 1462 637 1519 strages
661 1463 796 1504 remeasse
809 1448 979 1503 manifestum
1031 1453 1094 1496 lete
1114 1439 1186 1495 110110
1207 1440 1253 1510 qui
1267 1441 1332 1496 11111
1345 1443 1435 1498 alieno
1450 1462 1456 1496 τ
1469 1445 1568 1515 quique
1583 1445 1701 1502 ttdettun
1716 1448 1825 1504 misant-

183 1547 238 1603 est,
253 1541 297 1594 vel
307 1540 362 1609 iarn
378 1554 449 1594 nuuc
471 1555 520 1609 per
530 1539 609 1594 aliam
637 1540 705 1595 viam
716 1557 824 1596 murum
838 1542 864 1595 in
889 1541 980 1596 beato·
1031 1539 1099 1589 tetes
1114 1534 1341 1606 indigentiamque
1356 1537 1516 1606 miseratus,
1533 1538 1596 1594 lacit
1608 1540 1634 1594 in
1647 1541 1728 1598 terris
1742 1557 1824 1612 upets

183 1644 245 1686 rum
257 1632 369 1700 patriam
381 1631 469 1687 redire
480 1631 593 1687 faciatis.
603 1629 900 1703 Peneomiseramquod
913 1649 980 1702 prae·
1029 1627 1172 1683 eoelorum.
1195 1626 1329 1696 Quorsum
1346 1629 1395 1684 istu
1416 1629 1473 1684 hac
1487 1671 1494 1696 ,
1509 1629 1616 1699 inquis?
1629 1630 1668 1688 Te
1690 1635 1823 1693 materaria

184 1724 343 1779 tereundum
372 1725 482 1778 minime
509 1723 568 1778 luit.
592 1725 669 1794 Agite
694 1726 794 1794 gratias
819 1724 977 1780 innocentio
1030 1732 1109 1789 11111111
1122 1721 1333 1790 maxime,papa
1349 1720 1519 1790 11911ῑὸ51111,
1535 1723 1615 1792 petit;
1627 1724 1669 1779 1111
1684 1726 1811 1782 1111111111

171 1815 323 1884 spectabili
338 1817 408 1881 niro,
421 1816 466 1887 qni
481 1825 509 1870 ut
523 1817 723 1887 praeceperatis,
739 1816 861 1887 gnaviter
873 1832 973 1872 moreau
991 1813 1013 1872 ll
1027 1809 1064 1864 cit
1076 1810 1128 1865 11111
1144 1818 1247 1864 lantum
1263 1812 1468 1868 necessitatibus
1482 1827 1561 1883 opem
1577 1814 1649 1870 lerre
1663 1831 1730 1886 quas
1744 1832 1822 1874 nere·

182 1909 415 1979 gessitinjunctis.
431 1909 532 1966 llemor
547 1912 632 1966 nostri
652 1911 845 1982 essedignare,
867 1906 975 1967 domine
1026 1901 1079 1967 11ῦέ
1100 1902 1197 1972 quique
1220 1917 1305 1974 ¹¹⁸tl¹¹0
1333 1904 1360 1958 111
1382 1904 1497 1960 8111111118
1522 1906 1652 1963 111111111108
1674 1907 1822 1966 (1111111111

180 2014 262 2074 papa·
1025 1994 1145 2050 caritatis
1159 1995 1253 2066 indage
1265 2006 1405 2065 porrecta,
1419 1998 1494 2068 prius
1508 2000 1581 2055 soles
1595 2001 1763 2073 indigentum
1779 2018 1823 2061 re·

1024 2086 1129 2156 spicere
1137 2102 1244 2154 causas,
1256 2104 1335 2160 quam
1343 2087 1475 2160 inspicere
1481 2105 1619 2160 personas.
1632 2092 1736 2150 Nullius
1745 2094 1822 2152 obest

1025 2179 1148 2233 tenuitati
1168 2179 1376 2250 debilitatique,
1398 2183 1419 2235 si
1441 2192 1466 2236 te
1487 2190 1615 2253 expetere
1638 2199 1692 2240 non
1714 2187 1821 2256 possita

1023 2282 1084 2324 nana
1097 2272 1229 2338 praevenis
1242 2272 1365 2327 manibus
1380 2274 1469 2341 iltrnn,
1486 2276 1531 2344 qui
1547 2291 1599 2332 non
1615 2277 1732 2335 valuerit
1742 2279 1776 2335 ad
1793 2288 1821 2336 te

1024 2364 1136 2434 pedibus
1152 2366 1302 2434 pervenire.
1324 2364 1431 2421 Transit
1445 2367 1471 2420 in
1488 2367 1599 2422 alienas
1613 2370 1767 2443 provincias
1779 2373 1820 2428 vi·

1022 2455 1131 2525 gilantia
1149 2465 1191 2510 tuu
1208 2466 1254 2512 :et
1270 2458 1296 2511 iu
1308 2457 1359 2513 lroc
1375 2472 1447 2514 curae
1463 2465 1514 2514 tuae
1525 2459 1638 2517 latitudo
1649 2461 1819 2533 diffunditur,

1022 2557 1052 2601 ut
1076 2549 1154 2617 longe
1170 2548 1318 2616 positarum
1344 2552 1501 2606 consoletur
1522 2554 1683 2623 angustias:
1709 2567 1737 2611 et
1758 2557 1819 2614 bine

1027 2637 1093 2704 luit,
1106 2646 1135 2690 ut
1148 2639 1209 2708 qnia
1223 2641 1414 2696 erebroteuon
1429 2643 1516 2699 miuus
1528 2643 1670 2701 absentum
1684 2661 1819 2704 verecun-

1022 2730 1077 2801 dia,
1096 2747 1175 2802 quam
1199 2744 1362 2803 praesentum
1377 2734 1543 2804 querimonia
1561 2717 1660 2804 moret,
1675 2753 1749 2811 saepe
1763 2750 1818 2797 ter·

1021 2825 1090 2893 seris
1105 2840 1197 2881 corum
1224 2826 1375 2897 lacrymas,
1399 2841 1513 2896 quorum
1536 2828 1631 2884 oeulos
1646 2844 1701 2887 nou
1715 2832 1817 2888 vidisti.

1020 2916 1121 2973 Omitte
1136 2917 1180 2972 illa
1195 2935 1254 2986 aquae
1265 2918 1384 2989 quotidie
1402 2928 1512 2989 prepter
1528 2921 1704 2979 ‹lelectionem
1719 2925 1817 2983 mnium

1020 3023 1240 3082 pauperatorum,
1256 3013 1406 3084 irrequietis
1421 3015 1521 3070 tuleras
1534 3015 1665 3084 exerabiis,
1677 3020 1817 3088 precibus,

1020 3104 1157 3173 expensis.
1172 3104 1275 3159 Omitto
1288 3113 1313 3159 te
1325 3105 1372 3159 tali
1384 3119 1491 3175 semper
1501 3114 1817 3179 ageretempersmento,

461 2094 635 2151 epistota
655 2095 689 2149 il.

266 2187 389 2244 Sidonius
404 2188 508 2242 dorraino
523 2202 597 2257 papae
609 2195 622 2223 ‘¹
633 2186 755 2243 Censorio
769 2188 886 2241 salutem.

209 2282 491 2337 Gerulumlitterarnm
500 2279 597 2336 levitici
605 2281 705 2335 ordinis
715 2281 971 2337 laonestatollreium.

164 2371 232 2432 aba
249 2388 310 2428 eum
334 2374 435 2428 lamilia
457 2387 506 2428 sua
527 2373 735 2442 depraedationis
751 2375 830 2445 166
852 2372 972 2428 Gothicae

180 2464 315 2520 turbinem
329 2465 426 2532 vitans,
444 2464 470 2518 in
485 2465 647 2518 territorium
668 2473 788 2518 nestrum
805 2466 970 2531 delatusest,

178 2554 250 2626 lpse,
261 2558 340 2612 utsic
351 2557 508 2621 dixerimus,
525 2555 644 2625 pandere
655 2556 723 2625 lugac
738 2572 745 2621 ;
762 2556 808 2612 ubi
828 2557 854 2610 in
878 2571 906 2610 re
927 2557 972 2610 Ec·

178 2647 269 2704 clesiae
279 2649 322 2702 cui
335 2649 463 2704 sanctitas
478 2656 522 2703 tua
537 2643 673 2717 praesidet,
698 2664 806 2718 parvam
822 2659 970 2704 sementem

179 2743 371 2798 semiconfecto
386 2741 479 2811 cespiti
506 2742 608 2798 aduena
631 2741 739 2813 jejunus
767 2742 877 2812 injecit:
895 2743 970 2811 culus

178 2846 214 2888 ex
227 2833 315 2888 solido
327 2832 486 2903 colligendae
499 2832 556 2889 lieri
571 2833 622 2888 sibi
633 2834 738 2903 copiam
753 2843 860 2890 exerat.
884 2835 968 2901 Quem

177 2926 201 2980 si
212 2924 367 2981 domesticis
381 2924 443 2980 tidei
459 2924 586 2995 deputata
605 2927 771 2982 humanitate
793 2926 916 2993 lateatis,
943 2927 968 2980 id

177 3026 228 3083 est,
242 3016 423 3073 utdebitumb
439 3018 525 3088 gleba
543 3032 674 3074 cunonem
698 3033 750 3073 non
773 3028 889 3088 petatur,
911 3027 969 3073 tan·

176 3116 233 3163 tum
247 3108 335 3164 lucelli
349 3109 493 3176 prestitum
508 3110 559 3165 sibi
573 3119 711 3178 computat
727 3109 861 3180 peregrini
877 3110 967 3164 laomi-

176 3202 230 3264 nis,
246 3209 392 3264 uteensus,
408 3201 446 3255 sie
465 3201 720 3270 animusangustns,
746 3216 778 3255 ac
801 3201 824 3254 si
839 3202 866 3256 in
880 3203 966 3271 patrio
979 3178 1003 3243 G
1018 3195 1058 3250 sie
1082 3210 1189 3265 semper
1208 3197 1366 3263 bumearam,
1394 3197 1434 3252 sie
1459 3198 1618 3254 abstemium
1635 3197 1772 3269 ludieaai;
1788 3213 1818 3261 ut

178 3290 238 3345 solo
253 3291 439 3345 rusticaretur.
455 3291 521 3345 lluie
534 3292 556 3345 si
569 3290 724 3360 legitimam,
741 3300 770 3346 ut
785 3306 842 3346 mos
856 3303 907 3362 est,
924 3308 968 3348 so·

175 3382 307 3440 lutiuuern
318 3383 467 3460 perexiguae
483 3384 581 3454 segetis
603 3383 751 3455 indulgeas,
770 3394 894 3455 tanquam
906 3386 977 3456 opi·-

85 3542 89 3548 ,
175 3491 244 3548 pare
259 3477 409 3545 viaticatus,
434 3492 495 3533 cum
522 3477 670 3547 gratiarum
698 3477 804 3534 actione
824 3479 965 3534 remeabit.

175 3568 230 3624 Per
250 3584 328 3641 quem
344 3569 422 3625 sime
436 3570 505 3639 stylo
526 3569 612 3624 solite
634 3554 796 3640 dignationis
817 3571 966 3640 impartias,

175 3662 242 3716 milri
270 3660 483 3731 fraternitatique
503 3662 564 3716 istic
588 3663 667 3731 sitae,
696 3664 790 3747 pagina
821 3671 864 3719 tua
883 3664 965 3719 ueluti

1019 3300 1124 3347 constet
1139 3291 1218 3362 166
1231 3291 1412 3346 indesinenter
1426 3306 1516 3361 regern
1527 3303 1688 3363 praesentem
1702 3296 1818 3365 prandia

1019 3390 1079 3451 tua,
1095 3387 1213 3455 reginam
1227 3384 1338 3441 laudare
1358 3384 1471 3455 jejunia.
1487 3383 1589 3441 Omitto
1610 3395 1637 3442 te
1649 3395 1726 3443 uoto
1740 3389 1816 3444 cultu

1017 3475 1159 3531 ecelesiam
1172 3475 1217 3531 tibi
1234 3475 1364 3532 creditam
1379 3486 1591 3547 convenustare,
1614 3489 1643 3534 ut
1653 3478 1764 3537 dubitet
1775 3483 1817 3540 iu·

1017 3574 1125 3638 spector
1136 3568 1230 3622 melius
1245 3583 1280 3623 ne
1290 3583 1358 3623 nova
1373 3584 1455 3639 opera
1470 3579 1645 3640 cosasnrgaat,
1658 3585 1694 3626 an
1705 3579 1816 3630 vetusta

1019 3670 1187 3731 reparemur.
1205 3659 1305 3716 Onaitto
1319 3675 1366 3731 per
1380 3671 1406 3717 te
1423 3661 1546 3731 plurimis
1561 3662 1628 3717 loeis
1641 3662 1815 3721 baselicarum

174 3753 257 3824 paulu
267 3753 339 3825 lapsa
351 3753 529 3825 reputabitur.
554 3753 657 3810 llemor
671 3755 754 3810 nostri
768 3769 830 3810 esse
844 3754 965 3826 dignare,

174 3845 283 3904 demine
295 3860 373 3919 papa.

1019 3753 1194 3810 luardamenta
1206 3769 1385 3826 consurgere,
1403 3765 1559 3812 ornamenta
1574 3754 1717 3827 duplicari.
1731 3757 1816 3815 Gum-
1851 3775 1903 3797 ⁶·

1018 3848 1168 3918 que'anulta
1181 3848 1209 3903 in
1229 3856 1301 3903 statu
1316 3848 1377 3904 iudei
1394 3848 1446 3904 tuis
1460 3831 1816 3924 dispositionibusaugeaa-
1830 3870 1903 3893 α

1018 3948 1072 4008 tur,
1083 3942 1169 3995 solum
1182 3940 1372 4020 laureticornm
1384 3954 1524 3995 numerum
1538 3940 1622 3997 minui
1634 3957 1642 3997 ε
1655 3952 1737 4012 teque
1749 3958 1903 4015 quo-³

1017 4033 1081 4089 darn
1095 4041 1194 4089 versatu
1215 4032 1374 4102 apostolico,
1391 4032 1462 4088 ieras
1475 4042 1487 4070 ⁰
1501 4032 1722 4090 Pbotinisnorum
1738 4050 1903 4093 rnen-⁶·

1018 4135 1059 4182 tes
1081 4125 1241 4196 spiritalium
1266 4123 1486 4194 praedicationum
1508 4124 1630 4181 cassibus
1655 4126 1903 4197 implicare„-

1018 4223 1098 4286 atquc
1112 4231 1132 4272 a
1142 4223 1187 4269 tuo
1202 4215 1331 4271 barbaros
1342 4216 1397 4285 jam
1410 4229 1560 4286 sequaces,
1574 4217 1682 4286 quoties
1695 4217 1903 4274 cenna-2

1017 4317 1114 4364 cuntur
1126 4307 1222 4376 neclan,
1243 4322 1296 4362 non
1319 4306 1395 4363 exire
1415 4306 1543 4379 uestigio,
1555 4305 1642 4364 detrec
1655 4323 1705 4364 ecs
1718 4323 1735 4363 a
1749 4290 1903 4382 pref

172 4403 228 4462 lem
243 4405 417 4475 pronuntiare
432 4403 495 4456 dum
509 4403 585 4456 sirit.
610 4401 637 4455 la
658 4417 706 4470 spe
720 4403 790 4458 enim
813 4403 900 4459 adnue
917 4405 964 4460 ab·
1017 4398 1099 4453 tundo
1111 4396 1216 4468 gurgite
1231 4397 1331 4455 erroris
1342 4397 1514 4454 felicissimus
1525 4399 1676 4454 animarum
1693 4400 1903 4469 piscs'te‘

172 4494 315 4552 solutionis
330 4502 393 4560 est,
408 4493 452 4549 cui
473 4493 590 4562 suppetit
610 4506 690 4563 posse
703 4495 835 4549 conuerti.
851 4493 917 4563 Quae
929 4497 963 4553 sit
1017 4491 1175 4549 extraxeris.
1193 4491 1225 4545 Et
1240 4490 1336 4546 herum
1352 4491 1440 4561 aliqua
1452 4500 1540 4546 tamen
1555 4505 1617 4547 eum
1633 4490 1747 4562 reliquis
1758 4492 1903 4549 lor-⁷⁴

172 4600 238 4646 sero
269 4585 420 4651 negotiisui
444 4586 542 4651 series,
562 4585 620 4655 ipse
645 4586 744 4642 rectius
762 4583 1061 4658 tpraesentaaeaDsaa
1079 4589 1302 4648 communicanda
1324 4589 1445 4659 collegis.
1464 4589 1531 4645 lltud
1545 4597 1633 4645 autem
1653 4587 1750 4645 deberi
1764 4591 1797 4646 ti

454 3937 620 3995 EPtstdea
638 3939 684 3995 til.

246 4035 368 4092 Sidonius
383 4034 488 4089 domiuo
501 4050 575 4105 papae
590 4033 760 4089 cliteratberio
775 4035 892 4090 saliatem.

209 4125 329 4186 iudaeum
351 4140 469 4196 praesens
488 4127 581 4180 charta
602 4127 795 4182 commendat:
818 4143 872 4183 non
894 4127 964 4198 qnod

136 4232 140 4241 ’
174 4221 240 4279 mibi
262 4220 366 4290 placeat
385 4232 462 4272 error
486 4232 534 4287 per
555 4232 633 4287 quern
651 4219 901 4286 pereuntlnuuluti3
916 4219 964 4274 sed

174 4315 237 4386 quia
256 4312 391 4367 neminem
414 4311 532 4379 ipsorum
548 4324 596 4363 nos
611 4309 690 4364 decet
705 4325 738 4364 cx
753 4310 964 4366 assedamnabi·

208 4736 222 4765 1
238 4716 368 4797 Episcopo
383 4714 605 4789 antisiodorensi,
620 4737 743 4807 aequem
758 4721 859 4781 Ruricii
876 4728 958 4798 epist.
968 4720 986 4730 ”’
996 4721 1111 4797 'scopos
1124 4726 1151 4782 iu
1164 4725 1286 4798 epistolis
1300 4726 1392 4783 Fausti
1406 4741 1438 4783 ae
1452 4725 1556 4792 Lucidi,
1567 4734 1594 4780 et
1605 4724 1631 4781 in
1647 4700 1803 4800 martyrele·

173 4798 201 4863 l,
216 4798 261 4853 lib.
275 4813 305 4861 n,
320 4806 347 4852 et
358 4795 506 4851 Constantii
528 4796 679 4866 presbyten
706 4795 801 4862 altera,
822 4797 849 4852 in
871 4797 960 4857 trente
1031 4799 1148 4855 iollam
1165 4813 1179 4850 a
1195 4797 1416 4868 Lugdunensibus
1428 4796 1485 4853 suis
1504 4797 1689 4853 anniversario
1702 4797 1751 4854 die
1772 4825 1789 4844 1η

171 4867 300 4925 librorum
316 4867 350 4923 de
376 4867 435 4921 llita
452 4867 482 4922 S.
502 4863 638 4922 Germani.
655 4863 709 4921 Sed
731 4874 844 4939 uterque
858 4869 960 4926 Gensu-
1024 4875 1077 4925 itur
1099 4884 1127 4923 nr
1150 4869 1208 4924 idus
1223 4868 1404 4938 Septembres.
1433 4868 1517 4937 llujus
1541 4882 1605 4923 rere
1622 4866 1729 4923 Sidonii
1750 4885 1784 4939 ep
1848 4876 1864 4880 ”

172 4940 240 4994 rium
255 4949 341 4994 necat.
1011 4942 1108 5006 stolae,
1125 4938 1307 5009 Patientisque
1321 4941 1439 5009 episcopi
1461 4937 1663 5005 munificentie,
1673 4936 1903 4995 arramiet.-

206 5008 222 5049 b
237 5010 274 5064 lta
287 5008 347 5064 libri
362 5006 417 5075 iere
428 5022 532 5072 omnes,
543 5024 596 5062 nnn
605 5008 696 5077 peruris
708 5024 718 5062 .·
732 5017 762 5063 ιιι
782 5010 901 5067 carmine
911 5010 956 5077 23,
1012 5011 1157 5080 Gregorius
1175 5010 1277 5065 Taren.
1294 5011 1342 5065 lib.
1366 5026 1390 5064 ιι
1404 5050 1412 5074 ,
1427 5025 1452 5065 c.
1466 5010 1513 5064 lli.
1528 5008 1579 5065 Ubi
1589 5023 1650 5064 eum
1665 5007 1790 5065 lamere·
1875 5012 1884 5044 ῖ

172 5078 283 5135 Usaaam
299 5080 465 5149 patiaturque,
489 5077 677 5148 reddimusque.
696 5079 833 5143 Gaaouem
848 5083 955 5151 proprie
1011 5081 1164 5151 Burgundia
1177 5090 1325 5151 grassatam
1339 5081 1445 5148 scribit,
1457 5081 1600 5137 confirmat
1620 5095 1634 5134 r
1669 5096 1748 5134 eara
1773 5080 1807 5128 ι’

169 5151 238 5205 dixit
252 5151 418 5219 pensionem,
435 5165 495 5219 quae
509 5149 622 5204 debetur
639 5164 672 5203 ex
685 5149 785 5218 praedio
796 5152 953 5222 emphyten·
1008 5152 1090 5209 dontio
1111 5151 1329 5220 Burgundionum
1348 5150 1484 5277 intellifia
1508 5148 1647 5207 Gundobsl
1668 5165 1715 5205 una
1732 5148 1804 5208 scits
1830 5138 1903 5199 3

170 5222 232 5286 tica,
249 5225 409 5294 separasses
432 5234 539 5284 munus,
564 5233 684 5290 onusque
704 5225 749 5280 τὴν
764 5229 951 5298 γήνγιωργιῑν,
1006 5234 1065 5295 cet,
1081 5237 1160 5291 quem
1175 5221 1297 5291 Lugduni
1322 5221 1413 5277 sedem
1447 5222 1564 5277 rubuisse
1581 5220 1638 5292 jam
1662 5231 1728 5278 aute
1749 5234 1870 5279 aaa,

169 5293 292 5353 sataliae
310 5293 446 5363 παρέχειν.
472 5290 537 5345 lade
551 5290 725 5357 canonicarii,
750 5291 796 5361 qui
822 5307 953 5349 canonem
1004 5296 1123 5350 nuimus.
1882 5343 1903 5359 ,

169 5363 304 5431 publicum
319 5361 439 5431 exiguam.
1045 5374 1057 5402 s
1077 5365 1250 5419 arianarum.
1277 5363 1333 5419 llae
1347 5365 1420 5419 enim
1441 5372 1518 5418 erant
1533 5359 1754 5433 Burgundiones,
1778 5356 1855 5417 i‘u'

205 5434 348 5488 slacertae
362 5430 433 5486 sedis
447 5430 583 5500 episcopo.
599 5431 664 5485 Nam
681 5431 858 5489 Tornaeensis
873 5434 953 5490 Eleu·
1006 5435 1149 5506 quibusad
1166 5443 1266 5489 rectam
1288 5435 1366 5488 tidem
1392 5433 1565 5490 traducendis
1586 5432 1774 5489 laborabatl‘
1811 5457 1812 5462 ¹

169 5505 272 5559 ttrerius
291 5504 325 5558 de
338 5517 391 5572 quc
406 5501 561 5572 quibusdam
576 5503 650 5557 uenit
660 5503 686 5557 in
701 5513 829 5572 mentem,
842 5506 953 5562 Sidonio
1006 5505 1274 5571 tiensl‘anlianistae,
1287 5504 1452 5569 Plautiniani,
1466 5504 1618 5573 Bonosiaci,
1634 5503 1687 5560 etsi
1697 5504 1774 5576 aliqu
1801 5513 1887 5538 s

166 5574 418 5644 rideanraiiquaato
435 5571 516 5627 luisse
528 5573 670 5641 posterior.
1005 5585 1083 5633 tenus
1098 5575 1237 5643 diversos,
1254 5587 1382 5644 cognatus
1393 5588 1558 5632 tamencum
1569 5575 1679 5631 Arianis
1693 5570 1903 5631 errerff

202 5643 217 5684 ‘¹
237 5646 371 5713 Episcopo
385 5641 564 5714 lugdunensi,
578 5642 611 5697 de
625 5657 678 5711 aquo
690 5643 770 5712 epist.
788 5645 833 5712 tt,
850 5646 895 5702 lib.
908 5662 950 5715 ar,
1003 5647 1097 5702 sectati
1111 5655 1195 5716 suat,
1212 5655 1340 5704 aternam
1361 5646 1471 5705 Christo
1488 5645 1693 5719 generationem
1711 5637 1903 5704 detrfl‘

166 5722 197 5771 et
210 5717 302 5771 ultima
325 5716 372 5770 lib.
395 5729 430 5770 ιι.
447 5713 471 5768 ls
488 5723 530 5769 est
547 5713 580 5767 ad
594 5728 673 5781 quens
687 5712 774 5769 litam
786 5718 814 5770 S.
826 5716 952 5772 Germani
1003 5718 1105 5776 beatas.

166 5787 466 5854 sermsitcomtantius,
477 5784 606 5855 cujusque
620 5798 719 5844 numen
729 5785 798 5844 iuter
811 5785 879 5843 alios
890 5790 953 5875 epi·
1523 5865 1527 5879 Ι
1874 5814 1903 5839 a
