3810 6254
112 214 161 271 tto
439 136 450 159 ν
710 169 1103 264 submurmurasse
1687 189 1745 249 sao

111 328 181 398 rpuod
195 327 333 386 debemus.
347 328 387 383 Tu
402 341 466 383 sero
480 325 576 380 diuina
589 337 623 378 nc
637 319 756 377 inrideas
773 315 896 383 bonitati,
910 318 937 377 A
950 326 1004 373 tate
1015 318 1166 383 discedere,
1180 325 1208 374 et
1219 317 1253 372 ad
1264 320 1349 373 ierem
1363 315 1517 372 tentationis
1524 323 1619 370 astum
1630 312 1742 369 iailmta

63 402 70 413 ’
111 421 132 473 si
148 420 298 490 ttptusqtttttl
318 435 332 473 a
353 433 395 473 mc
413 417 459 473 illo
480 415 623 485 adiuvante
642 413 896 483 maurataneae,
950 406 1742 489 radicedeticere.Videamusotrmssnaretentarerit,eteis

112 513 153 567 rel
166 512 247 568 etiam
260 516 367 578 accepta
384 507 565 578 perdiderint?
580 498 643 563 iioc'
655 517 753 575 penem
772 516 822 559 aee
834 514 899 557 con·
950 516 1043 571 piarum
1060 516 1109 570 pro
1120 501 1294 571 consequenti
1309 500 1496 557 incredulitate
1509 500 1651 573 profuerit.
1668 492 1741 557 Roda

112 607 178 659 verti
202 616 248 658 cos
277 601 434 671 permittunt
459 599 529 655 mala
558 595 754 668 precedentis,
779 607 829 649 noe
853 605 898 647 sa-
950 608 1031 648 serro
1045 592 1083 647 iili
1098 592 1124 647 in
1143 592 1285 663 Evangelio
1298 593 1402 662 magnis
1416 593 1514 648 debitis
1527 600 1555 648 et
1568 592 1668 647 animae
1681 578 1741 647 iars'·

112 695 181 751 stari.
949 684 1078 754 guoribus
1100 698 1249 753 oppresso,
1274 683 1367 740 decem
1385 683 1465 739 millia
1492 684 1608 748 talenta,
1634 683 1739 754 quud

422 783 536 840 CAPUT
554 782 588 839 v.
655 799 657 803 ·
950 775 1061 830 remissa
1073 775 1240 841 ridebantur,
1257 789 1304 845 per
1318 776 1419 831 crimen
1433 774 1548 845 propriae
1561 775 1673 829 malitiae
1688 774 1737 830 ad·

111 876 207 930 Contra
224 875 273 929 boe
289 873 359 944 quod
380 873 561 930 dicuntsllon
581 883 633 929 tam
654 875 733 929 uoluit
748 889 826 944 quant
847 888 899 927 nors
947 866 1026 933 jectis
1053 865 1217 921 cruciatibus
1239 866 1391 944 exiguntur.
1412 864 1465 923 libi
1496 876 1524 922 et
1542 865 1737 922 advertendum

147 945 229 1014 potuit
242 944 327 999 “illm
340 960 394 999 0⁸⁸²
405 946 448 1015 ‘1¹⁴⁵
461 946 545 1015 perite
554 947 633 1019 lim
642 946 709 1015 im
721 944 850 1015 lenimus:
864 940 899 997 El
949 965 991 1012 est
1004 958 1138 1026 quomodo
1160 957 1289 1027 acquisita
1304 957 1466 1027 perduntur,
1489 966 1517 1013 et
1530 942 1661 1015 beneficia
1682 958 1736 1029 jam

145 1031 196 1069 ''⁰''
209 1023 325 1075 ”mmm
339 1014 450 1071 mim·
949 1047 1223 1103 cerritanensium.
1239 1048 1290 1104 set
1307 1057 1332 1104 n
1345 1048 1391 1104 nte
1401 1048 1512 1118 neptun
1523 1064 1539 1104 a
1552 1064 1583 1105 se
1598 1050 1737 1105 innonat

147 1147 219 1203 inter
237 1147 297 1203 baeo
310 1161 372 1219 cum
386 1147 503 1204 ioannes
515 1148 677 1218 eramelieto
689 1156 897 1204 commemoret:
950 1140 1043 1210 spiritu
1058 1141 1091 1195 ad
1107 1143 1315 1212 tempttslegitur
1331 1142 1412 1199 luisse
1425 1154 1545 1208 sanatus,
1559 1144 1594 1198 de
1604 1157 1659 1213 quo
1674 1142 1736 1199 dicit

113 1239 255 1309 Propterea
280 1258 332 1297 uon
358 1250 473 1312 pateant
494 1243 606 1308 creden,
630 1244 691 1313 qaia
717 1244 808 1297 iterant
834 1243 900 1296 diets
949 1233 1154 1288 Setsstodititius
1170 1251 1176 1286 1
1193 1235 1255 1288 Cam
1268 1245 1351 1290 autem
1364 1237 1510 1292 immundus
1524 1237 1631 1308 spiritus
1647 1236 1735 1293 scierit

110 1331 196 1388 lsnias
211 1348 220 1386 :
235 1332 377 1389 Eaeaeauit
396 1333 483 1387 oculos
500 1349 604 1396 eoram,
621 1343 645 1387 ct
662 1334 790 1386 induraris
810 1347 899 1386 eorrrnt
950 1325 982 1379 ab
991 1325 1102 1392 lautitiae,
1113 1328 1269 1395 perambulat
1280 1344 1322 1399 per
1330 1327 1387 1383 loca
1397 1330 1480 1396 arida,
1491 1347 1608 1398 quarens
1616 1332 1735 1401 requiem,

111 1440 154 1477 eor
173 1421 263 1493 (donn.
279 1438 330 1488 ¹¹¹3
346 1422 402 1478 lsa.
416 1424 465 1493 tt),
489 1423 540 1479 lroc
564 1425 622 1477 ioco
644 1423 758 1478 elocutio
773 1422 899 1476 carnotina
949 1427 1033 1471 etrtou
1045 1418 1192 1481 inanitione:
1204 1420 1334 1473 tunedirit
1346 1421 1485 1475 :Reuertar
1499 1422 1526 1474 in
1538 1404 1643 1476 densans
1658 1438 1738 1476 meon

110 1515 149 1569 sic
163 1521 280 1582 emanat,
292 1515 369 1584 quasi
382 1514 422 1570 eis
434 1528 487 1568 non
501 1514 627 1570 credendi
639 1513 785 1567 necessitas
799 1511 899 1581 imponi
951 1510 1017 1564 ande
1030 1510 1105 1563 eniri
1120 1508 1154 1563 Et
1169 1510 1269 1565 ueniens
1279 1511 1520 1576 inuenituacantenn
1532 1500 1618 1581 scapis
1631 1511 1742 1566 niundo-

112 1605 231 1662 videatur
257 1606 358 1662 inritis.
385 1605 437 1661 Sed
466 1620 497 1661 cs
522 1604 575 1659 illis
595 1618 702 1658 eausam
726 1602 768 1657 vel
793 1601 899 1672 culpam
954 1583 1429 1671 tantatoinatamtdamn),idest,
1445 1612 1583 1659 vacuatam
1598 1604 1741 1660 virtutibus

113 1696 306 1753 incredulitatis
332 1703 454 1752 exortam
479 1696 505 1750 in
530 1693 756 1763 consequentibus
777 1692 899 1749 lectionis
914 1677 979 1747 Bet
1004 1691 1165 1745 vanitatibus
1192 1691 1376 1760 adimpletam.
1399 1692 1474 1747 Tune
1494 1690 1563 1747 uadit
1589 1702 1613 1749 et
1633 1693 1754 1749 msundt

111 1789 177 1845 crdo
191 1788 342 1845 manifestat
358 1790 393 1844 lta
406 1789 499 1843 dicens
520 1806 527 1840 ε
547 1786 725 1841 Verumtamen
740 1795 761 1839 et
777 1802 809 1839 ea
828 1783 900 1855 prin·
951 1791 1046 1852 septem
1062 1781 1128 1837 alios
1142 1784 1248 1850 spiritus
1261 1799 1346 1839 seeum
1365 1786 1498 1856 nequiores
1518 1803 1559 1850 se,
1574 1796 1600 1839 et
1615 1787 1749 1841 intrantes

111 1881 209 1951 cipibus
222 1880 296 1935 multi
310 1879 472 1935 erediderunt
490 1879 518 1932 iu
534 1893 610 1945 auus,
628 1877 672 1930 sad
685 1884 787 1945 propter
805 1873 901 1929 Pisari-
951 1874 1065 1929 babitans
1077 1874 1131 1940 ibi,
1152 1883 1176 1929 rt
1197 1876 1260 1943 dant
1275 1878 1410 1931 nouissima
1423 1878 1534 1933 dominis
1556 1878 1630 1932 iilius
1652 1877 1804 1949 petua-

110 1986 173 2026 saos
183 1986 234 2024 nou
243 1970 439 2038 confitebantur,
454 1977 481 2020 ut
494 1968 526 2020 de
537 1980 668 2036 spnaaoqa
677 1980 727 2018 non
737 1965 898 2032 eiicerrntar.
951 1965 1088 2035 prioribus.
1104 1965 1174 2021 Eece
1186 1967 1230 2021 cui
1244 1968 1385 2021 sanitatem
1397 1967 1520 2023 'collatam
1533 1982 1595 2023 esse
1609 1984 1663 2024 nou
1679 1984 1804 2039 pru—

111 2060 602 2133 llileaerunteniuspioriambarnuinum
615 2057 900 2128 ntapisaunsupioriarts
949 2057 1008 2111 luit.
1034 2056 1062 2111 ln
1086 2072 1165 2128 artem
1189 2056 1369 2128 multiplicatis
1392 2060 1470 2115 malis
1492 2061 1604 2116 nocivus
1626 2060 1804 2131 longatum

111 2153 159 2208 bei
174 2153 281 2224 (donna.
297 2155 356 2224 xit).
375 2153 506 2209 Absolute
529 2152 572 2207 bic
591 2151 711 2216 indicat,
726 2151 797 2206 sicut
820 2159 847 2205 et
865 2150 900 2206 do
950 2148 1070 2204 incubuit
1084 2157 1112 2205 et
1126 2149 1249 2205 increuit.
1266 2149 1319 2207 Sed
1334 2160 1361 2209 et
1375 2152 1428 2207 alio
1441 2152 1498 2208 loco
1516 2153 1540 2208 is
1561 2155 1608 2223 qui
1623 2162 1683 2231 past
1696 2168 1804 2209 ae·—

110 2247 220 2304 Simone
232 2246 361 2317 legimus,
384 2246 467 2302 otiam
489 2244 642 2300 infidelibus
657 2245 710 2299 rim
735 2242 900 2298 credulitatis
950 2249 1053 2310 ceptam
1070 2241 1192 2297 notitiam
1207 2244 1337 2311 ueritatis,
1360 2243 1386 2300 id
1399 2257 1454 2311 est,
1466 2230 1528 2314 post
1541 2246 1668 2302 collatam
1682 2248 1737 2314 (ue-
1750 2277 1804 2291 —

110 2338 194 2395 intime
211 2340 337 2395 collatam
359 2336 477 2408 :quibus
495 2337 565 2392 sicut
579 2335 689 2390 iacultas
703 2334 828 2391 credendi
849 2334 900 2391 ad·
950 2331 1069 2402 ritatem>
1089 2332 1140 2388 sibi
1154 2349 1246 2388 curam
1267 2335 1375 2401 salutis,
1399 2337 1555 2408 sanguinem
1584 2334 1797 2395 testamentii

111 2429 176 2496 luit,
200 2431 236 2484 ita
252 2430 378 2485 uoluntas
391 2429 475 2485 deluit
498 2428 654 2484 continendi.
676 2426 751 2494 Quod
770 2426 897 2490 credunt,
950 2424 1082 2492 pollutum
1094 2425 1218 2490 duxeras.
1235 2426 1261 2480 in
1275 2442 1327 2496 otro
1339 2428 1519 2483 sanctiticatns
1531 2436 1589 2495 est,
1605 2428 1631 2484 id
1642 2437 1694 2493 est,
1708 2430 1733 2483 in
1763 2418 1804 2483 ἁ

111 2523 205 2593 gratiae
221 2523 329 2592 largitas
349 2531 404 2586 est;
416 2521 487 2589 quod
500 2518 692 2590 professionem
710 2519 820 2573 creditis
844 2531 899 2572 nos
949 2514 1003 2582 auo
1017 2521 1125 2569 sanatus
1142 2526 1193 2581 est,
1209 2517 1331 2585 grauiora
1346 2517 1442 2572 mereri
1464 2518 1595 2588 artopticio
1608 2520 1735 2587 apostoto
1750 2532 1804 2573 «a

111 2613 325 2678 accommodant,
340 2612 436 2668 mentis
451 2613 609 2683 improbitas
623 2621 679 2673 est;
694 2620 721 2665 et
735 2610 899 2679 impleturin
949 2613 1095 2660 similante
1116 2605 1282 2675 perhibetur.
1306 2606 1352 2663 Sic
1371 2610 1460 2679 itaquo
1477 2611 1561 2681 pratia
1585 2609 1612 2666 in
1633 2612 1732 2681 culpam
1762 2630 1801 2667 ι

109 2705 170 2761 cis:
186 2703 237 2772 Qui
252 2714 336 2759 autent
354 2720 405 2758 non
418 2703 505 2768 itabat,
520 2704 596 2757 etiam
606 2702 676 2774 quad
687 2703 760 2756 itabat
770 2701 900 2770 aasnetar
950 2696 1072 2762 reantur,
1087 2697 1139 2752 nisi
1152 2697 1273 2753 custodia
1289 2701 1475 2770 subsequatur.
1491 2700 1545 2756 Sed
1560 2703 1586 2758 in
1603 2698 1643 2759 lsis
1655 2696 1729 2758 erast-¹
1772 2692 1804 2747 ἓ

110 2798 183 2852 obeo
208 2794 378 2866 (tiaran).
400 2796 469 2851 Ecce
489 2795 624 2864 ouomodo
639 2794 737 2849 bonrum
752 2793 900 2849 voluntatis
949 2787 1044 2856 petisia
1067 2788 1208 2844 Mattheus
1227 2789 1289 2845 dum
1312 2791 1489 2847 incrassatum
1513 2807 1576 2859 cor,
1601 2793 1732 2850 obturatas
1760 2805 1804 2847 ε

109 2897 138 2945 et
149 2887 211 2945 lidei
230 2886 348 2943 admista
365 2886 467 2942 malitia
487 2887 660 2956 depravavit,
675 2885 744 2943 sicut
766 2886 819 2943 alio
838 2885 899 2942 loco
948 2893 1045 2948 turea,
1061 2880 1220 2952 danaosque
1234 2869 1327 2938 oeulos
1341 2883 1374 2941 ad
1389 2884 1494 2957 cuipam
1509 2884 1625 2941 bominis
1638 2888 1732 2952 refert,
1761 2926 1793 2951 .

109 2978 136 3036 ln
150 2981 245 3035 eodem
259 2977 407 3049 Evangelio
425 2978 482 3047 ipse
497 2977 625 3032 bosninus
638 2976 704 3031 dicit
729 2994 737 3032 :
761 2976 896 3044 Quomodo
949 2988 1063 3030 eurnon
1086 2983 1246 3032 narrarentur
1259 2975 1392 3045 apertiore
1420 2992 1514 3047 sensu,
1542 2988 1568 3034 et
1589 2978 1732 3034 dilucidata
1758 2992 1804 3033 1:

109 3070 215 3143 potestis
228 3084 271 3123 uos
285 3069 395 3133 credere,
405 3069 448 3137 qrti
458 3068 568 3136 pterimn
580 3068 726 3121 abirtuicens
736 3065 862 3134 accipitis,
872 3074 896 3120 et
909 3035 934 3102 G
948 3068 1052 3121 ratione
1063 3066 1211 3133 pissiacen,
1226 3066 1289 3121 dum
1308 3066 1440 3140 (inquam)
1452 3068 1518 3124 dicit
1531 3086 1539 3122 :
1556 3065 1730 3123 incrassatum
1770 3054 1804 3117 ,ς’

111 3164 219 3234 pluriam
244 3177 301 3233 quoe
322 3160 406 3215 nscio
419 3171 457 3214 est
475 3158 529 3213 Deo
549 3176 600 3214 nort
614 3161 728 3229 quantis
745 3156 834 3228 (ioan.
848 3157 896 3229 uli
947 3168 983 3212 est
997 3172 1040 3210 cor
1054 3157 1142 3227 popuii
1152 3157 1245 3229 bajus,
1260 3165 1283 3211 ei
1300 3158 1405 3214 nuribus
1422 3161 1531 3231 prouder
1543 3159 1693 3235 audierunt,
1710 3170 1733 3215 et
1758 3167 1798 3211 s

112 3250 193 3309 Vides
211 3266 275 3322 ugo
289 3251 350 3322 quia
363 3250 433 3305 sicut
449 3249 599 3319 suppressis
615 3251 704 3305 causis
724 3249 897 3304 absconditur
948 3246 1037 3300 oculos
1051 3262 1111 3301 suos
1126 3248 1281 3303 clauserunt.
1295 3248 1389 3305 Nottne
1402 3249 1449 3306 tibi
1459 3230 1645 3306 ridetur'nelut
1655 3251 1732 3306 inter·
1762 3275 1804 3290 -

110 3343 270 3409 ueritas,ita
290 3340 438 3396 manifestis
452 3349 605 3396 retnoretur
617 3340 781 3395 obscuritas?
796 3355 854 3408 quae
869 3342 895 3394 in
949 3338 1115 3406 rogantibus,
1135 3339 1526 3402 curridentesnonvideant.
1545 3348 1573 3396 et
1598 3341 1730 3415 audientes
1773 3348 1804 3389 ἱ

110 3432 186 3487 isaias
209 3432 362 3488 testimonio
391 3429 531 3485 densiores
554 3431 632 3501 paulo
657 3430 767 3486 nebulas
792 3428 898 3484 videtur
948 3443 1001 3483 non
1013 3428 1172 3499 intelligant,
1189 3430 1341 3488 evidentem
1351 3434 1474 3501 protinus
1487 3431 1594 3488 dedisse
1606 3432 1729 3488 rationem
1779 3440 1804 3481 ι

110 3524 264 3587 obducere.
290 3522 353 3577 dum
371 3536 418 3577 eos
440 3536 507 3591 uuus
532 3521 639 3591 propria
659 3520 777 3591 nequitia
799 3522 896 3575 surdos
948 3521 982 3576 de
994 3522 1081 3576 causis
1092 3531 1200 3592 propter
1211 3538 1277 3593 uuas
1288 3538 1341 3577 non
1352 3524 1457 3578 videant
1469 3539 1556 3591 nenne
1566 3520 1731 3593 intelligant?
1771 3514 1804 3568 ⁴-

110 3629 251 3685 etecosuue
274 3612 443 3678 reddiderat.
459 3626 474 3666 a
492 3613 547 3668 beo
565 3609 661 3668 asserit
673 3613 840 3676 obcaecatos,
863 3626 896 3666 ne
948 3613 1009 3682 quia
1028 3613 1124 3670 audire
1139 3614 1281 3683 obsidere,
1297 3615 1389 3682 idest,
1406 3616 1558 3686 intelligere
1575 3627 1603 3673 et
1628 3616 1730 3672 obedire
1772 3622 1804 3663 ε

110 3706 180 3763 lorte
194 3720 325 3763 converso
348 3705 381 3759 ad
398 3705 480 3759 Deum
498 3703 580 3760 corde
600 3710 736 3759 sanentur.
758 3701 848 3772 ltaque
866 3710 896 3757 ut
948 3705 1173 3775 noluerunt.Quia
1182 3706 1289 3776 (inquit)
1299 3724 1349 3760 non
1361 3724 1448 3763 onnes
1456 3707 1574 3763 obedierat
1585 3706 1729 3778 annpetio,
1783 3740 1804 3763 .

111 3799 245 3871 paululum
262 3798 416 3855 dillermmts
429 3798 499 3869 quod
513 3797 654 3852 biattlracus
672 3796 790 3867 apertius
806 3795 896 3850 cloert·
948 3796 1008 3863 auia
1033 3803 1087 3850 tota
1110 3796 1151 3850 die
1172 3796 1284 3865 expandi
1303 3813 1393 3852 mansis
1411 3814 1479 3853 meas
1492 3798 1527 3852 ad
1543 3797 1666 3869 populum
1684 3814 1730 3849 arou
1777 3806 1804 3843 1

111 3900 153 3947 tus
165 3901 208 3948 est
225 3891 300 3961 iuxta
313 3890 397 3960 ipsius
409 3890 542 3945 sermonis
557 3889 671 3958 rigorem
682 3928 690 3954 ‚
702 3885 747 3957 orti
761 3900 793 3941 es
806 3885 896 3941 verbis
947 3886 1089 3941 credentem
1103 3896 1127 3942 et
1147 3889 1377 3953 corrtradiceutenr;
1391 3888 1459 3944 sicut
1475 3888 1556 3945 etiam
1569 3903 1618 3958 per
1630 3904 1660 3944 se
1680 3888 1730 3958 jam
1779 3895 1804 3935 1

111 3984 248 4056 pmpbetae
267 3983 398 4038 austerius
412 3982 528 4051 percutit
539 3981 651 4051 legentis
665 3978 799 4043 auditum,
815 3977 895 4033 altius
948 3981 1075 4036 Dominus
1095 3980 1212 4051 loquitur
1228 3999 1234 4034 :
1251 3980 1333 4037 Filios
1344 3983 1399 4037 alui
1411 3992 1434 4037 et
1449 3982 1567 4047 exaltari,
1584 3983 1634 4050 ipsi
1651 3990 1729 4035 auten
1785 3987 1804 4025 Ι

109 4077 276 4149 requiramus
289 4090 372 4147 qnare
388 4074 508 4129 lrocloco
521 4073 710 4142 nolleputetnr
726 4071 896 4127 Dominusui
947 4087 988 4126 me
1009 4084 1168 4143 ensuerunt.
1194 4075 1227 4128 tlt
1248 4075 1344 4131 iterum
1368 4093 1374 4127 :
1402 4075 1526 4142 Quonian:
1548 4072 1730 4143 dereliquerunt
1779 4070 1804 4113 ³

108 4177 246 4234 sanentur,
257 4164 894 4234 idest,nemomentancnconrersionosuscepta
946 4176 1034 4218 uenam
1057 4167 1328 4233 aquarumuiueutium
1349 4164 1495 4221 Dourinanr.
1518 4165 1551 4219 lit
1572 4166 1599 4219 in
1624 4161 1729 4219 betilms
1786 4167 1804 4201 ἃ

110 4261 214 4317 collatis
226 4257 362 4313 beneticiis
381 4257 533 4324 abutantur,
548 4258 631 4321 iram,
643 4270 704 4311 cum
714 4254 819 4324 probati
834 4253 894 4307 luc·
948 4257 1137 4325 Apostolorum
1157 4276 1163 4312 z
1183 4257 1301 4313 videntes
1320 4250 1428 4329 (inarsit)
1449 4255 1552 4319 iudai.
1568 4258 1658 4328 repleti
1674 4264 1730 4310 sunt
1784 4252 1804 4295 ²

109 4352 177 4416 rint,
193 4358 342 4417 susceptam
355 4347 506 4416 neglexisse
518 4360 550 4401 ac
563 4344 698 4415 respuisse
720 4345 835 4401 recidiva
850 4343 894 4398 in·
947 4347 1020 4413 aedo,
1043 4359 1068 4402 et
1084 4348 1290 4417 eosrtrudieebant
1305 4346 1344 4402 dis
1363 4365 1419 4417 qna
1438 4365 1454 4402 a
1471 4346 1554 4402 Paulo
1572 4347 1728 4409 dicebantur,
1802 4382 1804 4387 -

110 4442 236 4496 tirmitate
246 4438 415 4501 medicinam,
431 4437 500 4490 sicut
510 4436 554 4490 ille
567 4436 601 4491 ad
611 4450 690 4506 quem
701 4434 757 4504 ipse
766 4435 893 4489 maninus
948 4438 1148 4505 dtaspbenuntes
1160 4441 1225 4493 uiam
1238 4437 1342 4493 bantini
1351 4439 1419 4511 (det.
1431 4439 1502 4508 utus).
1515 4432 1729 4494 Etiterumdn·
1795 4453 1804 4465 ·

108 4531 226 4602 toquitnr
242 4548 248 4583 :
262 4529 322 4583 lam
336 4543 413 4587 tanus
425 4528 559 4599 [ιιιιιιιει.
573 4526 626 4581 nodi
639 4542 756 4598 pacem,
771 4541 803 4581 ne
820 4525 892 4579 dete·
947 4531 1027 4585 stabnt
1056 4530 1163 4602 (inquit)
1178 4532 1252 4585 uerbo
1271 4528 1391 4598 Paulus,
1408 4529 1543 4598 testificans
1565 4526 1664 4584 iudeis
1680 4542 1730 4581 esse
1790 4532 1804 4559 ‘-

109 4623 163 4677 rt'tts
177 4620 222 4675 ilbi
234 4620 331 4691 aliquid
343 4620 481 4689 condiderit·
503 4618 621 4674 auterre
633 4618 752 4673 bonllbiss
771 4619 893 4673 sanitatis
947 4622 1074 4679 Cirristuru
1093 4624 1194 4682 lesam.
1209 4622 1444 4680 contradicentibus
1465 4634 1488 4678 et
1504 4620 1730 4694 blasphemantibus
1800 4624 1804 4635 ‘

108 4712 220 4781 impium
232 4711 401 4779 praearmari.
417 4708 575 4765 Sicharao
586 4709 728 4765 insultasse
742 4707 893 4777 depreben-
947 4715 1074 4769 excutiens
1087 4716 1233 4787 uestimento
1255 4732 1301 4770 ann
1323 4716 1387 4770 diaft
1403 4732 1412 4769 :
1427 4714 1538 4787 sanquis
1559 4725 1641 4769 uester
1658 4728 1730 4784 super

107 4802 180 4858 ditur
204 4801 397 4859 misericordia
421 4802 491 4864 boi.
513 4817 591 4870 ouem
607 4801 728 4856 addictus
754 4800 891 4871 plagarum
946 4817 1141 4879 supersuturam
1159 4811 1221 4873 erit,·
1244 4809 1353 4879 murrdas
1366 4824 1412 4879 epo
1425 4824 1457 4865 aa
1476 4806 1523 4860 dor
1533 4809 1589 4878 jans
1604 4809 1638 4859 ad
1649 4814 1729 4877 pentes

106 4895 308 4963 resipiscentem
321 4901 350 4949 et
363 4904 579 4953 conuertentem.
595 4902 623 4949 et
637 4893 822 4951 bumiliantem
846 4909 890 4961 se,
944 4903 1037 4955 vadam
1052 4901 1120 4974 (Act.
1136 4905 1222 4969 austri.
1248 4901 1482 4972 contradicentibus
1503 4900 1614 4977 (inquit)
1633 4901 1685 4957 iilis
1709 4908 1730 4951 rt

54 5005 65 5039 ·.=
104 4989 211 5058 quoties
229 5001 326 5044 sanare
345 4987 449 5051 uoluit,
470 4987 555 5042 toties·
572 4986 733 5042 deteriorem
756 5001 817 5042 esse
832 4993 893 5054 post
945 4990 1186 5059 blasphemantibus.
1202 4991 1268 5046 Vide
1281 4995 1415 5061 qrtomodo
1430 4988 1546 5047 remedia
1564 4991 1661 5059 ingerit
1678 5003 1730 5042 me-

106 5080 298 5138 humanitatem
309 5079 457 5135 clementia
467 5077 652 5148 deprehendit.
661 5078 749 5146 Quare
760 5079 892 5150 (inquam)
943 5083 1075 5148 dirus‚rt
1094 5091 1200 5138 recusat
1217 5092 1343 5154 egrotos.
1367 5082 1485 5151 Qtrorum
1507 5068 1631 5138 duritiam
1653 5082 1730 5137 etiam

36 5180 39 5191 '
103 5174 171 5230 istos
184 5189 280 5230 sanare
295 5171 462 5228 dissimulati
473 5187 506 5226 ne
518 5172 583 5227 liant
595 5171 686 5243 ntique
697 5172 891 5238 illiussimiles‚
945 5173 1040 5228 beatus
1062 5173 1213 5243 Stephanus
1230 5176 1287 5243 pari
1305 5176 1462 5230 auctoritate
1485 5174 1606 5242 increpat
1624 5173 1731 5232 dicens.

102 5266 146 5337 oui
159 5275 346 5337 suprapetrosa
358 5264 556 5327 semiantrum,
572 5262 598 5318 id
611 5271 660 5328 ess,
674 5264 718 5334 qai
731 5265 765 5317 ad
780 5278 891 5318 momen·
945 5263 1125 5319 iudrcuntcisi
1151 5265 1228 5320 sarde
1252 5275 1277 5319 et
1297 5265 1420 5328 auribus,
1440 5281 1484 5318 uos
1506 5279 1603 5332 semper
1626 5260 1733 5328 Spiritui

103 5366 156 5413 sunt
168 5355 330 5425 compendio
343 5354 448 5426 suscipit
460 5354 573 5420 uerbum,
585 5356 629 5423 qai
641 5356 674 5408 ad
688 5364 787 5424 tempus
800 5353 891 5420 eredit,
946 5368 1035 5413 sancto
1058 5359 1184 5414 restitistis
1209 5359 1275 5428 (det.
1292 5356 1350 5429 vn).
1374 5357 1444 5412 Ecce
1466 5370 1549 5427 qtrnre
1567 5354 1659 5409 uiolare
1682 5366 1735 5407 non

102 5458 126 5503 et
139 5451 165 5503 in
180 5457 292 5517 ternpom
306 5447 452 5501 tentationis
468 5447 561 5502 recedit
571 5445 678 5518 (Marti.
693 5449 742 5515 tv).
762 5446 830 5512 Quid
850 5453 893 5499 est
947 5462 1078 5519 possunt:
1095 5451 1155 5520 utria
1176 5450 1285 5519 Spiritui
1301 5459 1394 5505 sancto
1407 5449 1554 5513 resistunt,
1578 5454 1664 5515 atone
1678 5458 1694 5497 a
1706 5456 1736 5498 se

104 5552 317 5598 ttrtrnreutancam
328 5540 466 5610 suscipere
476 5543 629 5604 sanitatem,
640 5540 665 5594 id
677 5548 729 5607 est,
743 5539 776 5593 ud
788 5550 892 5608 tempus
947 5540 1045 5595 claritis
1055 5548 1150 5608 sponte
1160 5540 1245 5594 oculis
1257 5538 1346 5595 lumen
1357 5538 1478 5594 ueritatis
1490 5537 1647 5594 excludunt.
1660 5534 1737 5605 Quod

103 5634 223 5702 credere,
239 5641 266 5689 et
277 5635 303 5688 in
317 5643 436 5705 tempore
446 5632 602 5690 tentationis
615 5647 663 5688 uro
678 5634 759 5688 arriani
774 5632 893 5688 infideli·
950 5644 1014 5701 ergo
1028 5631 1053 5685 in
1070 5628 1213 5700 Evangelio
1227 5632 1347 5703 sequitur
1360 5640 1387 5686 es
1400 5629 1465 5687 dicit
1481 5646 1487 5683 :
1511 5628 1554 5686 lie
1564 5620 1634 5699 [orde
1656 5627 1737 5683 aculis
