3810 6254
145 259 197 323 stt
790 265 1030 329 sstsrotstttttt
1049 269 1114 326 tls.
1134 294 1155 329 ι.
1719 269 1774 333 lii

146 378 255 451 triginta
270 377 374 435 dierum
388 378 472 435 ritam
486 388 548 449 post
560 382 720 438 sententiam
731 385 823 454 trahit,
835 398 933 443 uncam
946 389 974 451 Α
986 392 1042 454 tur,
1066 384 1175 442 student
1187 385 1247 455 pite
1260 399 1353 452 sunm,
1365 385 1417 456 21
1431 383 1497 441 aleae
1516 382 1645 454 iuvenes,
1664 392 1676 422 ⁶
1689 386 1773 447 aruir

148 474 335 547 ctgemonias,
350 483 378 530 et
392 475 515 542 iaqtreum
532 491 578 547 per
591 477 672 534 boras
687 480 830 536 turbulenti
845 483 936 538 carni·
987 476 1112 542 eunuchi,
1130 477 1226 532 litteris
1241 477 1372 534 luederati.
1384 477 1424 532 Tu
1441 476 1502 533 ride
1513 477 1600 546 qualis
1618 477 1654 533 sit
1665 477 1770 547 civius.

148 567 203 624 ocis
213 566 386 622 horrescens.
400 566 453 621 h'os
464 566 584 636 quidem,
598 577 678 638 prout
692 571 821 639 valemus,
838 573 935 630 absen·
988 571 1032 627 ubi
1054 572 1102 628 tibi
1118 571 1158 626 lar
1172 570 1310 627 iamiliaris
1322 571 1457 639 incolitur,
1473 585 1532 640 quae
1549 568 1559 610 1
1576 569 1679 626 lacilius
1692 573 1770 629 terri·
1838 647 1842 652 Ι

148 669 187 717 ses
202 669 401 730 praesentesque
416 670 477 715 uota
493 660 615 728 lecimus,
643 680 737 733 preces
762 666 936 737 supplicatio·
987 664 1085 719 lorium
1106 664 1191 732 potuit
1214 664 1313 719 ltnhere
1335 680 1414 733 quam
1439 673 1548 719 terram.
1564 664 1694 732 Quocirca
1714 681 1773 722 mc·

146 770 247 828 tresque
271 754 451 824 geminantur,
473 764 502 809 ut
524 769 657 825 suspenso
680 758 735 813 ictu
759 761 813 828 jam
826 759 936 830 jamque
987 766 1078 811 mento
1091 757 1205 810 innoxiis
1220 755 1402 825 Transalpinis
1412 757 1655 826 esseparcendum‚
1676 758 1772 828 quibua

145 849 282 907 trumonis
296 848 407 914 exserti,
424 848 511 918 pietas
532 848 649 920 Augusta
664 855 838 919 seminecem,
853 867 935 923 quan·
986 850 1046 905 coeli
1066 849 1108 904 sui
1120 849 1182 904 dote
1195 849 1338 917 contentis,
1356 864 1408 904 non
1419 850 1528 919 grandis
1542 850 1626 920 gloria
1639 849 1728 920 datur,
1746 851 1771 907 si

146 956 224 1013 guam
236 940 291 1011 20
302 938 444 1010 publicetis
464 939 554 1005 bonis,
569 940 612 996 rel
627 948 641 978 1
654 941 751 998 exsilio
769 951 935 999 muneretur.
986 939 1148 997 deteriorum
1159 941 1304 997 collatione
1314 941 1471 997 clarescent.
1484 941 1557 997 llale.

146 1035 193 1091 lllo
208 1045 308 1100 tannen,
332 1047 381 1089 scu
395 1041 533 1103 exspectat
552 1042 670 1089 extrema
685 1049 812 1106 quaeque,
825 1049 874 1091 sen
887 1051 935 1093 su·
1259 1073 1424 1132 EPISTOLA
1443 1073 1479 1128 ,Χ

145 1127 247 1196 stinst,
261 1125 396 1182 infelicius
415 1125 482 1181 nihil
492 1135 551 1194 est,
566 1127 589 1182 si
611 1133 671 1197 post
685 1135 723 1182 tot
743 1138 820 1184 notas
834 1128 935 1186 inustas
1067 1118 1075 1135 '
1482 1112 1489 1127 ⁶

145 1217 385 1289 contumeliasque,
399 1217 500 1289 aliquid
524 1233 596 1275 nunc
615 1219 731 1290 amplius
752 1235 831 1292 quam
843 1220 936 1278 virere

146 1308 232 1366 timet.
254 1308 328 1365 Vale.
1020 1305 1083 1360 Post
1094 1305 1199 1375 nuptias
1211 1304 1315 1375 patricii
1329 1304 1479 1370 himmerit,
1490 1304 1516 1359 id
1528 1315 1580 1370 est,
1592 1311 1652 1375 post
1663 1305 1767 1375 imperii

413 1400 580 1457 epistota
600 1402 669 1458 llll.
985 1402 1123 1470 utriusque
1145 1414 1212 1469 opes
1235 1398 1403 1463 eventilatos,
1426 1398 1533 1453 tetidem
1556 1397 1672 1452 reditum
1689 1397 1770 1455 estin

280 1490 432 1553 Sidoniusb
447 1490 608 1548 comminuo
623 1510 670 1548 ruo
683 1495 801 1563 sulutem.
984 1490 1118 1560 publicam
1133 1491 1305 1559 serietatem,
1328 1503 1389 1559 qum
1401 1488 1481 1543 rebus
1502 1486 1642 1543 actitandis
1661 1487 1769 1557 januam

180 1583 277 1649 iterari
299 1600 342 1641 nte
354 1585 447 1641 Romre
472 1585 688 1658 congratularis:
712 1588 737 1643 id
753 1598 843 1644 tamen
857 1588 934 1659 qnasi
984 1599 1160 1654 campumque
1175 1582 1308 1653 patelacit.
1320 1581 1423 1636 Interea
1445 1594 1493 1635 nos
1507 1577 1522 1616 1
1540 1580 1614 1635 Pauli
1630 1579 1771 1649 pretecto-

148 1679 248 1744 lacete,
270 1688 298 1735 et
318 1678 502 1750 latigatlonum
518 1679 618 1736 salibus
642 1681 776 1736 admixtis.
801 1682 932 1738 Alsenim
984 1674 1016 1730 rii
1030 1685 1083 1730 tant
1105 1674 1226 1730 doctrina
1249 1689 1328 1743 quarn
1353 1673 1495 1727 sanctitate
1520 1671 1680 1728 netrersndis
1708 1671 1772 1727 lari·

146 1771 263 1842 gaudere
276 1778 314 1840 te,
328 1772 399 1843 quod
414 1772 558 1843 aliquando
572 1776 812 1830 necessariarium
827 1775 931 1830 uturum
947 1761 1034 1821 ans
1059 1767 1183 1837 excepti,
1203 1765 1316 1822 comiter
1338 1763 1443 1819 blaudae
1469 1762 1657 1833 hospitalitatis
1677 1760 1773 1819 cloelis

147 1865 327 1935 solem,quem
338 1865 430 1935 utique
441 1881 502 1920 raro
512 1865 614 1921 bibitor
625 1868 747 1923 Alaricus
759 1867 931 1938 inspexerim.
985 1860 1185 1915 nolebamus·
1215 1858 1299 1913 Ρ1110
1323 1870 1376 1911 11011
1404 1855 1455 1910 11111
1478 1855 1618 1924 1111111111
1645 1853 1706 1907 1111)
1730 1859 1773 1909 111

145 1954 345 2012 Nebulasenim
360 1956 427 2013 mihi
448 1972 569 2013 meorum
594 1958 811 2030 Lugdunensium
834 1974 934 2030 expro-
984 1955 1011 2008 in
1040 1952 1112 2007 omni
1141 1953 1237 2008 artium
1265 1965 1365 2021 genere
1388 1948 1564 2018 praestantior.
1587 1946 1659 2001 Deus
1683 1947 1770 2015 botis,

145 2048 216 2115 bras,
236 2059 264 2105 et
272 2049 344 2105 diem
368 2051 491 2119 quereris
510 2050 587 2106 nobis
608 2052 736 2106 matutina
759 2052 872 2123 caligine
885 2052 933 2107 ob·
983 2062 1043 2118 qum
1057 2047 1102 2101 ille
1116 2042 1343 2114 propositionibus
1358 2040 1517 2110 aenigmata,
1539 2038 1677 2094 sententiis
1695 2038 1771 2093 sche-

144 2152 274 2199 stmctum
288 2142 334 2198 rix
349 2142 498 2198 meridiano
515 2144 618 2200 leruore
632 2144 755 2199 reserari.
773 2145 845 2200 Etru
867 2143 932 2199 milri
983 2145 1074 2202 mata.
1109 2135 1228 2191 versibus
1261 2141 1413 2199 commata,
1446 2129 1535 2201 digitis
1570 2129 1772 2189 mechanemata

146 2234 203 2289 bac
225 2236 276 2290 ista
290 2232 436 2290 Gasemos
457 2234 527 2290 lurni
542 2235 630 2305 potius
646 2251 727 2304 quant
746 2236 836 2306 oppidi
849 2251 931 2292 sarna
983 2230 1064 2287 lacit?
1082 2231 1148 2285 lllud
1162 2238 1252 2285 tannen
1267 2228 1294 2283 in
1313 2227 1408 2283 eodem
1421 2226 1569 2282 studiorum
1582 2224 1701 2280 omnium
1715 2222 1771 2280 cul-

146 2318 368 2376 deblaterasioe
379 2321 456 2390 cujus
467 2322 562 2376 natalis
573 2321 621 2376 tibi
636 2323 696 2387 soli,
716 2323 758 2377 uel
768 2323 932 2392 jocunditate
982 2341 1044 2381 men
1065 2322 1220 2391 antevenit,
1244 2322 1313 2392 quod
1338 2320 1419 2375 babet
1439 2319 1501 2374 huic
1513 2318 1638 2373 eminenti
1654 2314 1771 2372 scientim

145 2411 186 2466 rel
199 2410 360 2480 commodo;
376 2411 439 2482 quid
450 2413 529 2468 etiam
541 2414 729 2485 ipseseutlrcs,
750 2414 812 2469 dum
822 2419 929 2486 migras,
981 2416 1171 2471 conscientiam
1196 2413 1373 2485 superiorem.
1395 2411 1478 2482 lgitur
1494 2423 1540 2480 per
1554 2409 1626 2464 bunc
1644 2409 1770 2479 primum,

141 2502 280 2560 iudicasti:
296 2504 332 2561 ita
352 2513 443 2561 tamen
462 2508 532 2577 quod
553 2515 580 2563 te
594 2505 728 2562 navennae
742 2508 847 2564 lelicius
857 2525 933 2565 exsu-
981 2508 1004 2561 si
1020 2509 1079 2576 quis
1092 2521 1199 2578 quoquo
1213 2506 1293 2561 modo
1311 2505 1399 2561 aulam
1413 2501 1504 2574 gratiae
1521 2501 1625 2568 aditus,
1640 2500 1770 2572 exploro:

140 2593 251 2659 lentem,
277 2594 387 2651 auribus
411 2595 518 2653 Padano
538 2598 622 2653 culice
635 2599 773 2668 perfossis,
785 2600 932 2670 municipa—
981 2612 1040 2652 cum
1058 2596 1238 2664 bocconlero,
1254 2597 1361 2666 quinam
1377 2594 1544 2665 potissimum
1560 2606 1772 2662 procerumspe·
1848 2604 1851 2619 ¹

138 2686 205 2742 lium
217 2700 343 2742 ranarum
355 2686 451 2758 loquax
461 2688 538 2744 turba
550 2687 716 2744 circumsilit.
731 2689 757 2744 lu
773 2706 824 2762 qua
835 2691 931 2761 palude
982 2691 1031 2744 um
1046 2689 1146 2744 valeret
1159 2690 1258 2746 nostris
1273 2689 1409 2761 opitulari.
1423 2687 1477 2743 ilec
1491 2702 1556 2743 sane
1568 2687 1649 2741 multa
1664 2695 1773 2743 cuncta·

136 2777 326 2835 indesinenter
340 2793 428 2836 rerum
444 2780 563 2834 omnium
580 2780 637 2852 lege
656 2797 791 2850 peruersa,
807 2784 874 2838 muri
888 2799 932 2839 rs·
982 2781 1028 2849 tio,
1045 2780 1106 2851 quia
1123 2781 1209 2851 pauci,
1225 2782 1259 2836 dc
1272 2796 1385 2851 quorum
1400 2778 1523 2849 eligendo
1535 2777 1681 2849 patrocinio
1693 2777 1771 2833 dubi·

134 2872 221 2937 dunt,
236 2888 312 2944 aquae
322 2882 408 2941 tunt,
427 2880 515 2929 turres
527 2873 629 2940 lluunt,
646 2889 728 2930 naves
741 2876 836 2931 sedent
849 2879 930 2946 ,agri
982 2882 1093 2927 teretur.
1121 2872 1205 2927 Erant
1228 2871 1337 2942 quidem
1367 2871 1394 2925 in
1417 2880 1511 2926 senatu
1536 2870 1657 2941 plerique
1677 2870 1772 2942 opibus

128 2961 323 3030 deambulant,
335 2962 431 3019 medici
444 2964 545 3034 jacent,
561 2963 651 3034 algent
668 2965 776 3033 balnea,
792 2965 930 3021 domicilia
981 2964 1064 3032 culti,
1078 2978 1177 3035 genere
1195 2966 1247 3036 22
1268 2962 1412 3029 sublimes,
1434 2972 1512 3018 :etate
1535 2974 1645 3033 grates,
1660 2959 1773 3018 consilia

123 3052 317 3124 conflagrant,
337 3054 433 3110 sitiunt
445 3055 510 3122 riri,
526 3063 618 3110 natant
637 3056 745 3125 sepulti,
762 3057 874 3128 vigilant
888 3057 930 3115 iu·
982 3056 1078 3123 utiles,
1099 3055 1228 3128 dignitate
1249 3057 1332 3124 elati,
1352 3056 1507 3126 dignatione
1530 3069 1686 3112 communes
1700 3071 1708 3110 a
1724 3053 1773 3112 sed

1137 1192 1263 1249 Sidonius
1278 1200 1291 1239 1
1307 1190 1421 1246 Heronio
1439 1206 1487 1244 ruo
1500 1189 1617 1246 aetutem.

124 3158 192 3216 res,
210 3143 348 3203 dormiunt
368 3153 526 3217 potestates,
543 3157 554 3186 ⁰
571 3147 727 3204 fenerantur
740 3149 849 3220 clerici,
869 3133 966 3223 syriC
982 3161 1085 3211 serrata
1101 3168 1167 3224 pace
1179 3153 1359 3223 reliquorum,
1373 3152 1427 3207 duo
1446 3148 1636 3222 fastigatissimi
1649 3147 1773 3206 consula·

123 3235 274 3305 psallunt,
288 3234 498 3309 *negotiatores
518 3238 651 3308 militant,
668 3242 767 3299 milites
792 3244 929 3314 negotian·
981 3260 1036 3313 tes,
1055 3243 1064 3283 ¹
1082 3242 1235 3301 Gennadius
1248 3243 1382 3313 brienus,
1399 3241 1447 3300 etl
1466 3240 1572 3297 oscine
1587 3239 1700 3298 basolus
1717 3255 1773 3315 pte

125 3400 366 3457 senatusconsulti
373 3400 521 3458 accessisse
531 3409 623 3471 postea
635 3401 700 3473 (quo
710 3409 831 3472 ternpore
842 3403 929 3460 incer·
982 3405 1098 3476 relinque
1112 3403 1183 3459 uiris.
1200 3401 1335 3459 Foederati
1344 3397 1445 3472 ruteni,
1460 3416 1528 3474 quos
1541 3402 1638 3460 iterum
1653 3403 1773 3464 nominat

122 3471 205 3541 tum)
220 3470 280 3527 dies
292 3471 360 3526 alios
371 3471 416 3538 to,
433 3479 462 3528 et
482 3479 572 3528 tamen
594 3472 682 3529 eidem
697 3475 931 3531 senatusconsulto
981 3475 1029 3530 lib.
1043 3490 1072 3542 tt,
1088 3474 1197 3545 epistola
1221 3490 1283 3541 rur,
1300 3475 1414 3530 militum
1433 3488 1518 3545 genus
1538 3484 1639 3532 erante
1652 3474 1773 3533 barbaris

127 3542 254 3598 tributos
267 3540 509 3615 luisse,quomore
521 3542 721 3614 legibusluliis,
739 3544 931 3615 aliisquemul-
980 3546 1115 3617 gestibus,
1137 3560 1197 3616 que
1213 3560 1261 3615 pro
1285 3545 1411 3601 Romanis
1426 3544 1590 3614 principibus
1610 3545 1771 3603 militabant.
1835 3606 1838 3614 ,

132 3621 156 3668 ta
175 3610 306 3683 quasillis
320 3612 654 3682 posteraujectatoerunt,
670 3613 930 3687 tribulsolerejuris
981 3619 1008 3672 lu
1021 3617 1116 3688 quibus
1141 3615 1216 3670 lacile
1237 3615 1371 3687 principes
1386 3614 1478 3680 Gothi,
1496 3615 1541 3686 qui
1560 3629 1576 3670 a
1596 3615 1773 3674 Corrstaotioo

132 3682 303 3753 interpretes
312 3684 501 3739 observarunt.
981 3689 1094 3757 primurn
1118 3687 1244 3742 conducti
1269 3686 1459 3743 foederatorum
1486 3684 1548 3739 inde
1568 3701 1665 3741 nomen
1686 3687 1773 3744 sortiti

167 3762 184 3792 ¹
201 3754 262 3808 lloc
274 3753 378 3809 Sidonii
394 3755 518 3825 precibus
531 3755 698 3810 concessisse
707 3754 814 3812 ridetur
825 3757 929 3814 hothe-
981 3771 1053 3813 sunt.
1064 3761 1149 3814 rursu
1160 3757 1305 3834 petitpetit
1320 3759 1345 3812 in
1361 3758 1477 3826 epitome
1486 3753 1602 3812 llovellae
1615 3754 1716 3813 Graecae
1727 3758 1771 3814 ll.

140 3824 217 3880 mins.
232 3823 299 3878 Nanr
312 3823 498 3892 Cassiodorus,
510 3825 608 3882 Paulus
619 3825 748 3881 diaconus
762 3836 790 3881 et
804 3827 860 3896 alii,
880 3828 930 3882 Ar·
981 3828 1032 3884 Sed
1049 3828 1194 3883 lmderatos
1206 3842 1237 3882 ex
1255 3828 1314 3882 aliis
1335 3829 1417 3882 ctiam
1438 3824 1562 3897 gentibus
1583 3827 1670 3881 dictos
1694 3827 1773 3892 docet

141 3895 255 3950 tandnm
268 3895 345 3964 jussu
360 3897 494 3953 hntltemil
504 3910 557 3952 non
572 3906 669 3968 morte,
685 3897 732 3953 scd
748 3898 843 3953 exsilio
858 3899 930 3954 mul·
981 3898 1187 3970 olympiodorus
1201 3899 1226 3952 in
1238 3897 1478 3967 excerptisPhotii,
1488 3903 1514 3951 et
1527 3895 1630 3951 nouella
1640 3897 1672 3952 51
1684 3896 1773 3954 Theo-

142 3973 221 4020 tatum
237 3965 369 4021 scribunt.
980 3969 1059 4038 dosii,
1074 3984 1132 4039 quae
1148 3972 1309 4022 Sarracenos
1325 3969 1471 4023 lmderatos
1486 3975 1689 4023 commemorat.
1705 3969 1771 4028 ltem

170 4035 186 4076 1
198 4036 262 4094 Fuit
274 4038 296 4090 is
309 4039 433 4092 cesenas
445 4039 541 4108 patria,
556 4037 605 4096 sed
619 4036 700 4095 domo
712 4039 863 4095 Ravennas.
878 4040 930 4095 lia-
981 4041 1129 4110 Procopius
1142 4056 1150 4093 t
1166 4039 1228 4095 belli
1241 4038 1353 4093 l‘ersici.

144 4119 254 4163 tennatn
270 4108 341 4162 enim
365 4109 584 4177 migraratiluic
612 4125 675 4166 uero
702 4111 877 4180 cognominis,
903 4119 930 4166 ct
1019 4109 1158 4180 ¹Propter
1177 4109 1353 4165 circumfusas
1364 4107 1484 4177 petrides,
1503 4123 1564 4178 quae
1577 4115 1657 4165 terrae
1669 4118 1770 4178 perlem

143 4178 184 4245 qui
199 4192 248 4248 per
262 4188 368 4233 aetatem
388 4192 453 4236 arus
476 4196 537 4236 esse
551 4180 838 4251 potuit,l1andidinnus
851 4183 928 4253 alter,
981 4192 1122 4253 occupant,
1139 4182 1250 4250 ejusque
1265 4196 1341 4235 nsunt
1359 4189 1467 4249 negant.
1493 4178 1541 4235 Est
1566 4181 1637 4235 enim
1664 4184 1772 4251 proprie

143 4250 183 4374 quui
194 4256 291 4304 contra
309 4247 440 4304 loannem
464 4260 607 4323 tyrannum
621 4253 653 4305 acl
673 4253 825 4308 Raveunnm
847 4255 929 4309 nauita
982 4263 1051 4309 terra
1064 4269 1123 4322 qum
1137 4261 1227 4306 aratur
1242 4262 1270 4307 et
1280 4252 1389 4305 colitur:
1406 4250 1572 4306 territorium
1586 4266 1693 4322 quoquo
1705 4253 1771 4308 civi·

166 4325 243 4375 rtitcr
265 4320 361 4389 gessit:
377 4321 411 4376 de
425 4336 478 4392 quo
501 4324 570 4377 inter
595 4322 661 4378 alios
679 4322 887 4396 olympiodorus
903 4328 929 4381 ln
981 4326 1044 4381 tntis
1060 4324 1125 4379 ortes
1139 4333 1166 4378 et
1178 4324 1238 4391 jura
1251 4322 1406 4379 tenduntnr.

142 4390 274 4458 excerptis
287 4389 384 4445 l‘hotil.
1019 4397 1170 4466 ssdqnem
1183 4393 1290 4463 scripsit
1300 4394 1442 4463 epistolam
1457 4392 1485 4459 a,
1495 4391 1571 4461 cujus
1584 4391 1642 4448 haee
1655 4390 1771 4462 quodaln

178 4460 257 4533 10·
275 4458 371 4516 Proctd
392 4471 469 4517 erant
488 4477 504 4517 a
520 4463 618 4520 tenoris
637 4464 929 4536 quaestuclerici,quos
983 4466 1062 4524 modo
1077 4466 1236 4523 succidanea
1260 4474 1319 4530 est,
1340 4465 1444 4534 reliqua
1459 4477 1623 4534 persequens
1646 4462 1773 4521 Romanas

142 4531 339 4601 quoquomodo
352 4531 609 4591 lenerenturordine
625 4538 737 4607 mover'g
752 4540 930 4614 καθαιρεῖσθαι
982 4537 1159 4605 narrationis,
1188 4550 1248 4591 cum
1272 4534 1458 4605 praefecturam
1484 4533 1556 4590 urbis
1584 4533 1697 4605 adeptus
1715 4533 1772 4605 jam

141 4609 183 4656 rus
197 4605 289 4680 κλήρου
304 4617 421 4659 canones
434 4603 539 4674 jubent.
553 4607 587 4660 11
606 4607 735 4678 Syrorum
755 4624 798 4663 ars
821 4611 929 4679 propria
983 4619 1063 4669 esset.

141 4669 268 4727 fenerari.
283 4671 371 4739 Quare
386 4677 515 4746 Syrorum
529 4677 635 4732 nomine
649 4676 829 4734 leocratorurn
846 4695 929 4749 genus
1018 4675 1557 4747 1¹behocsiuoniinospitePauloquem
1568 4681 1708 4746 tantopere
1717 4676 1773 4734 lau·

137 4753 219 4823 omne
229 4746 446 4827 complexuros,
459 4745 633 4802 utSalrlanus
645 4747 692 4804 lib.
704 4749 927 4807 tvdeProriden·
981 4751 1037 4818 dat,
1052 4750 1117 4806 nilrll
1133 4757 1311 4817 compertum.

132 4818 197 4865 lta:
221 4811 418 4870 Consideremus
431 4815 501 4872 solor
524 4819 710 4890 aequilateram
732 4830 755 4874 rt
775 4821 926 4892 Syricorum
1020 4821 1150 4890 iCollega
1161 4817 1340 4873 Valentiniani
1351 4818 1418 4886 hug.
1428 4817 1543 4885 septimo
1553 4817 1611 4887 eius
1621 4817 1771 4886 consulatu,

99 4883 255 4937 1ικιιιιιιιιιι
266 4884 364 4952 turbor,
376 4901 435 4957 qum
448 4887 572 4958 mojorem
584 4888 664 4959 ferme
677 4890 809 4946 ciuitatem
824 4892 926 4949 statuer-
980 4909 1051 4950 anno
1070 4890 1169 4947 Christi
1183 4889 1246 4946 150.
1267 4886 1349 4944 letus
1363 4886 1502 4954 inscriptio
1515 4885 1608 4944 Romae
1623 4890 1650 4943 in
1663 4887 1774 4945 basilica

82 4956 270 5008 -rrrerrtm
281 4965 379 5025 purtem
391 4967 557 5030 occuparunt.
980 4965 1014 5023 b.
1029 4964 1104 5020 l‘auli
1122 4981 1128 5014 :

175 5019 193 5105 1,
202 5022 261 5079 Νοιι
273 5027 360 5082 solum
373 5040 485 5096 armata,
499 5026 546 5085 sed
557 5032 629 5086 omni
642 5044 751 5100 prorsus
769 5030 862 5088 milltla
877 5046 924 5090 ne·
1700 5026 1756 5088 st..

41 5090 284 5157 Quaeres
298 5096 435 5167 prohibiti.
450 5099 535 5171 oud:
551 5100 736 5171 Negotiatores
748 5117 782 5157 ne
798 5103 922 5161 militent.

32 5144 266 5221 -hlilitibus
279 5182 385 5223 rursum
401 5182 455 5225 non
467 5170 523 5226 tola
546 5179 706 5241 mercatura,
729 5173 777 5228 sed
791 5175 841 5230 alta
875 5190 924 5230 uo.
1017 5164 1688 5240 iQuintoantebaecaonoconsulenmiiriano.
1703 5165 1776 5225 Fue·

18 5229 193 5295 Qus
204 5237 297 5302 priuati
313 5253 378 5295 usus
389 5241 495 5311 negotia
515 5239 664 5299 interdicta.
678 5242 838 5300 Ambrosius
853 5189 899 5299 tio.
918 5260 927 5300 ι
979 5249 1023 5298 ret
1033 5243 1103 5298 ldem
1119 5251 1146 5297 at
1160 5237 1302 5309 praelectus
1315 5245 1393 5307 praet.
1406 5236 1491 5292 ltaliae
1505 5251 1552 5320 per
1563 5237 1665 5321 aliquot
1677 5251 1773 5320 annos,

159 5305 302 5365 eooieiis:
314 5308 417 5365 Etenim
434 5313 454 5365 ri
465 5313 486 5366 ir
497 5313 538 5382 qui
550 5314 696 5384 imperatori
709 5314 828 5370 militate
842 5330 929 5370 rurre-
980 5323 1009 5368 et
1022 5312 1159 5383 patricius,
1174 5318 1203 5365 ut
1214 5317 1345 5365 testantur
1354 5308 1466 5363 norellae
1477 5307 1616 5376 llauonant
1633 5318 1660 5366 et
1669 5309 1775 5366 Seueri.

24 5368 270 5434 basanites
279 5379 372 5448 litium,
386 5390 445 5437 ertu
457 5382 614 5455 repetierunt
625 5388 776 5456 forensium,
787 5387 929 5442 venditione
980 5383 1046 5439 Post
1060 5385 1131 5438 hunc
1143 5389 1233 5436 autem
1244 5379 1380 5445 basilium,
1395 5378 1447 5433 duo
1460 5378 1504 5433 alii
1515 5379 1574 5448 ejus
1583 5381 1699 5437 nominis
1710 5392 1774 5434 cott-

171 5449 262 5527 rrciunr
286 5453 435 5520 prolriletur
459 5453 579 5509 hemonis
601 5455 716 5528 lepiiur,·
736 5468 831 5527 quanto
845 5457 928 5530 muqir
981 5456 1054 5510 sules
1068 5455 1141 5510 luere
1156 5471 1163 5506 z
1176 5466 1243 5506 nnus
1256 5451 1429 5505 ultimoanno
1441 5448 1580 5515 odoacris,
1592 5452 1637 5520 qui
1649 5448 1683 5505 ad
1694 5448 1774 5516 hujus

48 5510 189 5593 Ἶῑξι
205 5517 263 5586 idei
274 5533 370 5578 mercer
383 5525 541 5580 militiemui
552 5529 621 5581 omni
634 5522 868 5600 arunepotintiom'r
883 5531 928 5585 ei·
982 5526 1068 5582 nostri
1080 5524 1226 5579 discrimen
1239 5520 1353 5577 Basilius
1363 5522 1453 5592 junior
1466 5521 1587 5578 dicitnra
1601 5519 1777 5583 cassiodoro,

64 5581 232 5643 “aare
242 5590 325 5647 debet.
985 5600 1066 5668 quiet
1079 5596 1136 5664 ipse
1147 5592 1288 5664 praelectus
1300 5591 1424 5659 praetorio
1434 5591 1516 5648 ltaliae
1526 5606 1557 5647 ac
1570 5588 1691 5659 patricius
1702 5584 1751 5642 init
1765 5605 1773 5640 :

84 5681 102 5691 -
184 5657 320 5719 ‘bilitare
334 5667 471 5724 eunuchos
485 5667 546 5738 jure
556 5684 610 5725 nun
623 5672 743 5741 munisse
757 5674 842 5743 arguit
855 5673 931 5730 laxi
984 5672 1053 5724 alter
1074 5682 1145 5721 antro
1168 5667 1202 5722 l5
1225 5663 1388 5732 iustiniani,
1417 5662 1622 5740 ordinariorum¹
1635 5659 1778 5713 consulum

94 5707 259 5791 ‘dere
265 5734 399 5796 militaria
412 5747 442 5797 ct
453 5738 617 5800 chrumnus
626 5743 656 5799 in
669 5745 837 5813 Eutropium,
848 5746 929 5799 Αιπια
983 5748 1145 5810 postremus.
1156 5764 1193 5779 -
1211 5734 1275 5793 llmc
1288 5745 1350 5792 nota
1363 5735 1397 5792 ad
1410 5749 1473 5806 pag.
1486 5733 1539 5804 ιο
1555 5736 1683 5798 perones
1695 5728 1785 5787 bsx.
