3810 6254
170 259 221 318 aas
852 247 1102 306 resrcrsmrm
1121 249 1153 307 ut
1436 295 1438 298 .
1767 253 1827 317 me

170 372 277 431 dilectio
291 386 332 430 aet
344 370 515 443 congregatio
528 384 608 442 quam
627 367 779 441 gubernas,
804 365 960 423 Constanti·
975 364 1000 426 Α
1015 366 1166 435 prohibitus
1178 376 1221 426 cst
1243 369 1299 443 (an.
1314 369 1381 444 illa)
1406 371 1521 428 Aeacius
1537 390 1544 428 :
1558 380 1639 445 atque
1650 374 1686 432 olr
1701 375 1774 444 boc,
1788 390 1825 435 ex

89 459 93 466 ’
171 467 332 539 capaliana
346 464 493 530 Ecclesiae,
511 464 552 520 uel
568 462 719 535 quicunque
734 460 793 531 ejus
807 462 912 516 tuturus
927 467 970 515 est
1023 455 1108 512 iarrrra
1120 459 1214 530 synodi
1229 471 1394 530 memorata,
1411 465 1526 520 similem
1540 476 1661 535 cunctus,
1675 483 1739 538 qum
1750 484 1825 540 prn-

172 560 311 633 pantiler,
334 557 588 614 communicandum
600 571 661 613 ease
674 557 806 612 decernat
820 596 828 620 ,
842 569 920 624 quam
938 552 970 606 ad
1024 544 1076 600 lita
1100 541 1189 602 luerat
1210 549 1334 621 pravitati
1347 590 1355 616 ,
1371 550 1551 607 damnationis
1569 553 1696 610 incidisse
1711 566 1825 614 senten-

173 652 294 709 notitianr
306 650 379 708 aedis
390 649 545 721 apostolic-ar
556 658 651 705 cuncta
663 648 822 713 referamur,
832 646 875 701 rel
887 644 971 714 ipsius
1024 637 1087 692 tiam
1101 681 1108 706 ,
1124 639 1202 709 cujus
1221 655 1250 695 se
1264 641 1404 712 elegerunt
1417 656 1479 698 esse
1498 655 1646 701 consortes.
1673 647 1752 705 Unde
1766 666 1826 709 ωο-

173 743 272 800 litteris
284 743 329 815 qui
344 743 426 799 luerit
437 752 543 798 creatus
557 741 708 811 episcopus,
723 739 764 796 ael
780 747 832 793 tuae
846 737 980 794 dilectio·
1024 728 1076 790 rito
1092 732 1236 800 oraedictos
1258 732 1372 790 Aeacius
1396 736 1550 804 apostatica
1569 737 1661 806 sedis,
1676 754 1825 810 quaenunt

173 841 216 894 nis
229 835 365 906 alloquiis.
376 834 443 905 Quia
454 835 524 890 sicut
538 848 586 903 per
601 830 797 902 professionem
812 829 970 885 catholicam
1024 823 1176 879 exsecutrix
1200 824 1294 894 utique
1308 840 1381 896 saepo
1395 826 1457 882 dicti
1471 826 1701 888 Chalcedonensis
1715 834 1826 892 concilii

174 931 247 990 sedas
265 930 421 1000 apostalicae
434 927 547 983 lormam
562 936 671 982 secutus
688 925 719 981 es
732 931 762 979 ut
776 934 802 980 te
817 939 832 977 a
846 923 972 978 damnata
1025 933 1075 988 pro
1099 919 1153 974 llde
1174 919 1306 976 catlaolica
1329 930 1392 977 tunc
1407 925 1512 994 probati
1526 938 1579 980 non
1604 923 1712 992 detuit,
1729 926 1823 983 iterata

175 1022 366 1079 communione
380 1019 569 1092 suspenderes,
585 1020 621 1073 ita
644 1016 717 1074 beati
741 1015 812 1072 Petri
826 1013 902 1084 sequi
927 1012 974 1067 de·
1026 1007 1080 1082 [die
1103 1010 1362 1084 salamantin]
1386 1016 1669 1074 excorrrmunicatione
1695 1020 1825 1091 depulsus

176 1116 245 1174 betis
259 1114 421 1184 exemplum,
434 1121 464 1168 ut
476 1112 584 1182 quando
595 1111 653 1181 eius
667 1108 825 1165 auctoritate
837 1104 918 1161 luerit
928 1119 974 1161 re·
1025 1109 1078 1170 est,
1095 1117 1129 1155 ne
1143 1115 1189 1170 per
1203 1116 1265 1157 eum
1279 1142 1287 1169 ,
1301 1101 1374 1173 quod
1389 1103 1477 1170 absit,
1494 1120 1544 1161 nos
1558 1120 1666 1178 quoque
1681 1096 1824 1163 reddamur

177 1209 231 1266 lata
246 1205 411 1274 communio,
427 1181 490 1260 lunc
501 1205 541 1260 eis
555 1202 636 1259 etiam
648 1209 723 1257 tuum
736 1198 844 1254 noteris
858 1197 975 1252 miscen-
1026 1193 1172 1264 complices
1183 1194 1357 1264 perditomm.
1373 1195 1464 1268 Neque
1477 1196 1585 1255 Petmm
1600 1200 1745 1271 quisquam
1760 1200 1825 1273 legi·

179 1304 242 1358 dum
258 1315 319 1358 esse
337 1301 513 1356 consortium.
538 1297 594 1354 Nec
615 1296 755 1367 quisquam
770 1291 907 1348 dilectioni
923 1299 976 1347 tua
1027 1284 1093 1341 time
1107 1284 1201 1341 credat
1213 1300 1274 1343 esse
1296 1297 1459 1359 purgatum,
1483 1289 1527 1360 qui
1550 1306 1604 1346 aon
1622 1306 1639 1347 a
1659 1291 1731 1349 beati
1755 1291 1824 1351 Petri

179 1397 290 1453 arrrnino
313 1391 472 1462 persuadeat
485 1391 539 1461 jam
555 1399 674 1446 nostram
687 1386 907 1445 communionem
921 1383 977 1439 illis
1027 1379 1142 1449 apostoli
1155 1380 1220 1436 sede
1236 1391 1362 1454 receptus
1375 1393 1436 1449 est,
1457 1397 1509 1455 qua
1528 1384 1579 1440 luit
1593 1384 1741 1443 mandante
1755 1387 1826 1459 deie-

180 1488 301 1560 partibus
318 1486 400 1542 luisse
412 1483 596 1551 commissam,
608 1496 669 1538 cum
682 1480 774 1538 rideas
788 1479 876 1536 adbuc
889 1491 934 1533 res
949 1477 977 1532 in
1028 1481 1096 1528 ctus.
1110 1473 1182 1529 berre
1191 1474 1263 1529 enirn
1277 1474 1448 1533 dilectionem
1460 1485 1532 1533 tuam
1547 1493 1627 1535 nosse
1641 1494 1695 1534 non
1707 1480 1824 1552 ambigo,

181 1583 263 1638 dubio
281 1578 451 1645 eonstitutas,
467 1587 493 1632 et
508 1575 578 1647 apud
599 1589 647 1631 nos
661 1574 697 1630 de
710 1572 765 1630 illic
778 1581 869 1628 creato
888 1567 991 1640 pomi-..
1028 1565 1099 1635 quod
1113 1580 1255 1636 personam
1271 1566 1443 1638 hujusmodi,
1459 1569 1568 1626 comita
1583 1570 1654 1627 ratio
1667 1572 1824 1641 postularet,

182 1674 232 1730 lice.
246 1672 335 1728 omnia
351 1669 443 1728 lraberi
459 1683 568 1741 prorsus
582 1669 694 1739 incerta.
710 1665 802 1736 Neque
814 1669 905 1736 posset
917 1666 978 1717 cum
1029 1675 1083 1717 non
1097 1660 1149 1716 nisi
1162 1661 1353 1718 ecclesiastica
1366 1663 1434 1733 legis
1453 1662 1547 1719 ordine
1560 1663 1745 1735 competenti,
1760 1665 1826 1723 sicat

138 1790 141 1795 ·
182 1780 216 1822 co
228 1765 327 1822 sociari
341 1762 506 1831 communio,
524 1760 600 1832 cujus
612 1759 700 1815 adbuc
711 1773 726 1813 a
739 1757 817 1814 nobis
830 1769 881 1812 nec
893 1756 980 1811 aanor
993 1751 1019 1814 lt
1031 1753 1160 1811 diuinitus
1176 1755 1351 1811 coristitutum
1366 1764 1427 1822 est,
1448 1756 1492 1812 rel
1510 1755 1634 1827 possint,
1648 1756 1697 1813 ,rel
1714 1757 1826 1815 debeant

183 1857 313 1925 probatur
334 1868 395 1911 esse
414 1865 575 1922 susceptus,
599 1865 649 1907 nec
671 1850 740 1906 tides
764 1858 844 1919 atque
867 1846 980 1904 intentio
1031 1845 1225 1903 conuenienter
1245 1845 1395 1903 absolvere.
1423 1847 1499 1918 Quod
1523 1863 1584 1905 cum
1600 1848 1700 1905 lactum
1716 1850 1826 1917 nonsit,

183 1947 368 2018 comprobata.
395 1945 542 2016 Exspectet
562 1957 627 2013 erga
645 1942 756 1999 dilectio
769 1950 813 1995 tua
828 1938 900 1995 sedis
913 1954 980 2008 apo·
1032 1939 1202 1995 manilestum
1218 1948 1261 1995 est
1273 1940 1383 1998 Petrum
1398 1941 1425 1996 in
1438 1955 1469 1996 ea
1483 1955 1535 2009 qua
1550 1940 1656 2011 pridem
1670 1941 1760 1999 luerat
1771 1959 1827 2015 per·

128 2036 131 2041 ’
184 2039 286 2096 stulicae
297 2036 457 2108 jussionem,
472 2045 500 2092 et
515 2034 555 2091 sic
569 2032 696 2090 Ecclesiae
707 2031 983 2104 Constantinopolita-
1032 2033 1160 2088 versitate
1173 2047 1205 2089 ac
1218 2032 1392 2089 damnatione
1405 2031 1530 2090 detineri.
1554 2034 1605 2102 Qui
1618 2034 1728 2092 etiarnsi
1743 2037 1826 2109 legiti-

187 2145 231 2189 nte
243 2145 319 2187 sacra
332 2144 362 2186 se
375 2128 565 2185 communione
579 2126 746 2198 coniungat,
762 2126 785 2180 si
798 2124 826 2181 iu
841 2124 983 2194 participa·
1033 2139 1078 2181 me
1090 2123 1188 2196 corrigi
1202 2124 1352 2189 ualuisset,
1372 2124 1565 2196 indulgentiam
1584 2127 1715 2199 consequi
1729 2127 1826 2193 debuit,

184 2224 258 2280 dane
272 2222 342 2279 beati
357 2221 430 2277 Petri
445 2230 473 2276 et
484 2218 624 2275 minatione
639 2210 758 2274 veriatis
771 2217 907 2273 desidera.
919 2230 981 2287 per·
1033 2232 1087 2274 aon
1109 2217 1319 2274 ecclesiasticam
1343 2216 1500 2289 dignitatem
1519 2234 1527 2272 ε
1545 2219 1608 2290 quia
1636 2219 1671 2275 ab
1697 2219 1826 2277 lanatas

184 2330 305 2372 manere.
320 2313 387 2369 bata
401 2312 527 2369 calendas
540 2312 634 2378 Maias,
644 2320 658 2348 ⁸
670 2310 759 2368 Probo
769 2318 797 2366 et
810 2307 910 2366 Fausto
925 2307 981 2366 lt.
1034 2310 1221 2378 damnatisque
1246 2308 1306 2366 lalsi
1329 2310 1472 2367 sacerdotii
1495 2302 1594 2368 namen
1613 2325 1768 2382 assumens,
1784 2312 1828 2368 Ec·

185 2407 238 2466 GU.
269 2406 415 2464 indictione
430 2421 488 2461 ιιιι.
1034 2402 1125 2457 ciesiae
1134 2401 1277 2458 catholica
1291 2402 1371 2459 nullis
1383 2403 1483 2473 regulis
1498 2403 1584 2474 potuit
1596 2402 1754 2474 praesidere.
1772 2403 1829 2461 ilat

382 2485 385 2492 '
1035 2504 1124 2549 autem
1150 2510 1210 2563 quac
1230 2494 1265 2550 de
1286 2495 1422 2563 praedietis
1444 2500 1526 2567 gesta'
1541 2495 1733 2562 narravimus,
1753 2494 1829 2552 daca·

464 2556 628 2616 fflswffl
648 2555 707 2612 xv·
996 2612 999 2619 ·
1036 2587 1135 2642 mentis
1150 2586 1212 2642 inde
1225 2587 1393 2644 venientibus
1405 2587 1600 2659 approbantur,
1615 2587 1688 2644 sicut
1700 2564 1837 2645 ennean

242 2711 342 2755 soulers
366 2713 394 2754 ιιι
415 2713 488 2752 narn
509 2713 543 2752 an
562 2707 749 2751 scantationes
775 2706 929 2748 arascoruu.
1038 2677 1205 2747 ¹5⁰⁰l⁰¹ll²⁰¹
1230 2678 1321 2734 defici
1345 2679 1390 2751 (lui
1414 2679 1508 2736 dilecti
1534 2686 1618 2747 ⁸⁰⁰⁸·
1641 2681 1829 2752 ’ῡκῠθῐθῐῑῑῑῑῑὶ

403 2834 409 2847 ,
566 2833 572 2845 ,
656 2833 661 2843 ,
1037 2773 1178 2844 palamque
1200 2781 1377 2829 monstratum
1391 2782 1433 2831 est
1445 2773 1572 2830 Acacium
1586 2787 1617 2830 se
1630 2788 1727 2830 eoram
1741 2773 1832 2830 iecisse

189 2834 297 2890 Drssadu
310 2831 432 2888 Ecetrae
438 2829 732 2904 Constantinopolitano
741 2845 832 2886 cautas
842 2844 984 2899 saponem,

212 2908 341 2960 ,honam
355 2915 382 2959 u,
399 2903 527 2959 Zenonem
542 2902 578 2957 “a
596 2906 715 2958 „mm
735 2917 792 2956 cnm
813 2897 932 2955 Romana
946 2900 987 2955 fu,
1038 2866 1199 2937 participem
1212 2881 1280 2936 quos
1295 2869 1351 2921 suis
1369 2866 1465 2922 litteris
1486 2858 1642 2931 paraticas,
1657 2874 1687 2920 et
1705 2863 1832 2921 retulerat

223 2978 393 3032 securandum
408 2984 562 3046 mmaueat.
1039 2964 1097 3033 ipse
1106 2962 1256 3018 damnatos.
1269 2959 1406 3033 Perceptis
1416 2974 1481 3031 ergo
1495 2957 1647 3015 summatim
1662 2956 1777 3013 dilectio
1792 2964 1834 3012 tua

1039 3073 1099 3128 quae
1112 3055 1237 3112 uidentur
1252 3055 1432 3112 Ecclesiamm
1446 3053 1543 3110 iecisse
1555 3051 1714 3118 dissidium,
1728 3067 1833 3121 irasque

656 3218 659 3223 ,
997 3130 1023 3194 0
1038 3151 1209 3222 perpendens
1220 3165 1273 3205 non
1284 3138 1418 3205 immerito
1429 3163 1477 3216 pro
1488 3146 1541 3203 lide
1550 3144 1685 3203 eatbolica
1696 3145 1835 3203 exstitisst

203 3228 208 3237 ’
228 3224 307 3293 011οὖ
320 3225 437 3281 ”nimii
446 3225 574 3282 500¹&ae
593 3226 672 3297 plena
685 3226 808 3298 cupimus
821 3226 987 3298 redimibit·
1039 3240 1191 3305 sollicitos,
1212 3256 1266 3295 non
1288 3240 1376 3296 solum
1401 3239 1530 3311 deinceps
1552 3253 1583 3294 se
1606 3253 1621 3292 a
1645 3238 1837 3294 communione

163 3366 166 3373 -
192 3318 266 3374 lions
280 3320 401 3384 firmil,
418 3320 564 3375 mt¹¹¹⁰t⁰¹¹t
579 3320 709 3377 ¹0¹²¹i⁰¹¹0
727 3320 909 3390 ⁰⁰¹⁰D0flffi¹¹⁸
920 3308 988 3377 3¹¹0·
1039 3334 1225 3390 damnatorum
1248 3333 1354 3389 studeat
1375 3333 1511 3389 custodire
1525 3349 1532 3386 ι
1547 3333 1595 3388 sed
1614 3329 1718 3388 Christi
1731 3346 1838 3402 gregcra

190 3413 307 3469 limem
322 3422 410 3482 tuam,
429 3422 456 3468 ⁰¹
477 3413 591 3484 ‘dreini
605 3413 725 3470 ¹¹¹⁰fl¹l¹¹⁵
738 3414 828 3470 divini
842 3415 926 3485 Elim
939 3415 988 3470 ¹¹5·
1039 3444 1090 3498 qua
1102 3427 1175 3483 ualet
1190 3426 1472 3482 industria·rctrairere
1485 3440 1538 3482 nan
1549 3425 1683 3496 quiescat,
1699 3433 1726 3478 et
1741 3423 1849 3480 domata

190 3503 290 3561 bilem
314 3502 428 3574 ll⁰¹¹0l⁰r
449 3504 591 3560 0¹d⁰¹1ti¹¹i
605 3504 651 3561 fflil
671 3506 755 3562 milti
768 3504 989 3563 Cimilltttliiiffli
1040 3519 1096 3576 lilio
1111 3529 1205 3575 nostro
1218 3518 1378 3575 Christianae
1392 3516 1490 3574 autentis
1503 3518 1625 3589 Augusto
1644 3515 1849 3572 incessabiliter

191 3595 323 3668 principis
337 3595 518 3653 familiaritate
532 3598 688 3664 subnixam3
705 3609 879 3668 paratamque
893 3596 989 3654 irater-
1040 3626 1186 3684 suggerere
1203 3625 1256 3666 nan
1271 3611 1396 3677 amittat,
1418 3619 1447 3665 ut
1465 3608 1554 3681 operis
1571 3605 1895 3678 arataeaar,qaa1=-

191 3692 306 3748 nitatem
326 3700 398 3744 trram
411 3690 552 3750 catbalicae
565 3690 628 3746 lidci
644 3705 764 3756 causam,
779 3693 800 3747 si
822 3692 989 3749 manilestius
1040 3702 1093 3760 fide
1107 3702 1254 3768 catholica,
1270 3703 1417 3772 ineptasque
1436 3702 1551 3758 Domina
1565 3709 1676 3769 nostra,
1692 3700 1895 3756 alemaniae

190 3785 364 3858 panderetur,
380 3784 505 3842 liberast
521 3783 667 3855 prudenter
690 3795 822 3842 astruere.
838 3785 941 3853 Qtllbtttl
953 3785 990 3842 de
1041 3772 1140 3851 (licitur
1152 3803 1306 3859 essecutus,
1321 3794 1428 3866 plenam
1444 3792 1610 3860 temporibus
1621 3793 1680 3848 suis
1694 3807 1803 3864 pacem,
1816 3796 1892 3848 eff

191 3893 237 3937 tna
253 3891 344 3936 meritc
359 3877 473 3950 sumptis
488 3877 605 3944 indiciis,
620 3879 702 3936 talem
718 3888 744 3935 te
758 3880 879 3935 veritatis
893 3888 989 3947 auqta·
1041 3885 1142 3943 ωιιὶιιῑ
1156 3886 1295 3942 veritatem
1311 3885 1453 3953 sinceram,
1469 3894 1497 3941 ιιι
1511 3884 1665 3956 praecipuus
1678 3897 1769 3940 sacrae
1780 3884 1886 3939 reli-

192 3989 249 4031 rem
266 3973 344 4048 [deae
359 3969 489 4043 actorem]
502 3984 564 4028 esse
578 3971 789 4042 perpendimus,
813 3970 990 4042 quatentitlic
1041 3980 1128 4050 glanis
1149 3978 1229 4046 nlius,
1246 3987 1273 4032 ct
1289 3977 1331 4048 pia
1354 3977 1497 4034 deuotione
1510 3977 1683 4049 conspicuus,
1700 3975 1895 4048 tranquillae·

192 4064 404 4122 desideravimus
419 4064 551 4120 inuenire.
577 4063 721 4120 Gratamur
743 4064 826 4134 igitur
849 4064 919 4134 quod
935 4064 990 4135 lape-
1042 4069 1218 4140 dispositione
1240 4078 1391 4136 adamaret,
1413 4078 1440 4125 et
1457 4068 1492 4124 da
1510 4066 1629 4123 Ecclesia
1650 4066 1895 4122 coaetaneae«

193 4157 339 4215 reditatcrn
359 4171 435 4212 suam
452 4170 504 4213 non
529 4171 720 4228 usquequaque
736 4157 865 4213 Dominus
878 4159 991 4228 repulis-
1041 4162 1160 4232 politana
1185 4161 1257 4217 l‘etri
1283 4160 1456 4217 Alexandrini
1478 4159 1588 4217 tramine
1609 4159 1760 4231 acaciique
1780 4159 1895 4215 sanc

194 4259 257 4318 set,
273 4248 320 4306 sed
336 4249 362 4304 in
375 4264 468 4305 eorum
483 4248 611 4305 cordibus
631 4249 767 4304 dannan
790 4260 871 4324 rectae
885 4250 993 4307 coales-
1043 4253 1117 4323 lato,
1140 4267 1189 4323 pro
1210 4267 1263 4322 quo
1276 4263 1422 4325 tempestas
1444 4253 1532 4308 omnis
1545 4259 1639 4307 exorta
1659 4259 1714 4314 est,
1730 4251 1895 4307 arcaea

195 4343 279 4397 sionis
303 4352 423 4398 seruaret
436 4342 640 4408 absconditam,
666 4339 709 4411 qui
725 4342 783 4398 sire
794 4359 823 4399 se
839 4359 853 4398 a
868 4359 990 4401 commu·
1042 4357 1127 4402 ratam
1142 4355 1261 4417 pateram
1276 4344 1428 4401 traditionis
1448 4344 1510 4400 tidei
1527 4351 1586 4415 post
1601 4343 1747 4399 bominum
1761 4342 1835 4397 beai·
1850 4338 1895 4395 ἰ

194 4433 276 4488 niune
290 4434 401 4488 contusa
422 4432 528 4503 penitus
540 4432 726 4503 abstinerent,
748 4433 806 4489 siue
828 4435 855 4490 in
869 4450 928 4491 earn
945 4452 993 4506 per
1044 4453 1112 4507 gnus
1124 4437 1223 4494 alliciat
1238 4438 1377 4494 unitatem.
1399 4436 1464 4505 Qua
1487 4450 1622 4507 nunquam
1639 4434 1737 4491 luisset
1750 4434 1895 4506 atiquffl

195 4525 373 4597 ignorantiam
389 4525 568 4588 recidissent,
585 4525 696 4582 mallent
709 4536 800 4582 tamen
816 4535 843 4583 et
861 4527 991 4585 declarari
1004 4512 1034 4577 Ῑ)
1046 4540 1185 4597 temerata,
1206 4532 1227 4585 si
1241 4532 1310 4586 lianc
1325 4529 1478 4601 imperatori
1495 4525 1729 4584 christianissimo
1755 4520 1895 4582 adolff!

196 4630 341 4693 quaracla
356 4631 439 4689 sunt,
462 4630 489 4676 ct
512 4619 659 4676 secundum
685 4620 856 4678 traditionem
871 4630 991 4678 ueterum
1046 4634 1088 4683 ter
1098 4623 1211 4682 amatus
1224 4625 1359 4681 insinuare
1371 4622 1511 4681 voluisset.
1522 4620 1574 4678 Sed
1586 4622 1651 4677 dum
1664 4620 1779 4676 Patram
1791 4631 1895 4676 ten

197 4714 369 4781 comprobata
393 4712 502 4769 sectari.
534 4712 621 4784 Atque
643 4712 704 4769 iden
726 4713 826 4784 alloqui
853 4712 991 4769 caritatem
1046 4718 1134 4775 minos
1154 4715 1299 4773 translerre
1314 4714 1433 4781 molitur,
1455 4722 1484 4770 et
1498 4695 1689 4769 ambitionibus
1704 4711 1764 4767 suis
1778 4727 1895 4782 pra--

198 4817 271 4863 tuam
287 4816 379 4861 nostro
400 4805 487 4862 modis
507 4806 633 4861 omnibus
646 4819 771 4863 sermone
784 4807 951 4872 curavimus,
964 4817 993 4863 et
1046 4809 1217 4864 varicationis
1238 4807 1339 4863 aditum
1359 4805 1529 4877 impudenter
1542 4801 1671 4877 exquirit,
1697 4818 1750 4859 uec
1765 4818 1865 4857 rear»
1882 4820 1895 4845 ι

197 4899 232 4955 de
246 4900 287 4954 lais
301 4914 360 4969 qum
375 4895 638 4954 Ecclesiam'Cbristi
652 4896 764 4954 iecerint
776 4898 907 4956 dissidere
920 4915 994 4956 com·
1047 4899 1141 4956 rabilia
1166 4899 1296 4955 dubitauit
1324 4899 1431 4954 decreta
1460 4897 1581 4965 calcare,
1609 4905 1637 4952 et
1670 4895 1744 4951 inter
1767 4910 1831 4949 cura
1844 4901 1895 4943 ε·

198 5000 321 5064 pereniter
335 4991 481 5047 insumere.
496 4990 525 5045 ln
539 4990 751 5047 clralcedonensi
773 4991 863 5065 itaque
876 4993 1009 5064 synodo,
1047 4992 1168 5064 publicas
1185 5003 1316 5063 occupato
1344 4990 1459 5062 principi
1485 4988 1639 5047 uenerando
1664 4988 1824 5045 dissimulat
1835 4991 1895 5032 ¹·

198 5101 259 5155 quae
274 5083 308 5139 de
328 5084 435 5139 concilii
458 5082 558 5138 Nicaeni
574 5092 667 5139 tenore
680 5085 839 5155 procedens,
854 5101 902 5156 pro
915 5084 1010 5142 Chris
1046 5100 1106 5158 quae
1120 5096 1230 5142 noverat
1242 5102 1304 5141 uera
1325 5100 1469 5157 suggerere
1484 5103 1490 5140 :
1507 5084 1587 5141 talem
1602 5098 1633 5140 se
1647 5082 1883 5140 conscientia·

198 5179 294 5235 arianae
308 5176 487 5234 consessionis
510 5177 662 5248 integritate
677 5179 819 5246 servanda,
834 5187 887 5235 tam
902 5189 994 5237 aucto·
1046 5178 1116 5234 cirea
1131 5177 1243 5232 salutern
1262 5176 1363 5246 regiam
1381 5185 1595 5249 potestatemque
1607 5183 1718 5254 gestare
1732 5175 1895 5230 demur!

199 5271 280 5326 ritate
293 5270 365 5325 sadis
378 5268 533 5340 apostolicae
545 5283 623 5340 quarn
640 5270 797 5326 uniuersalis
814 5270 940 5327 Ecclesia
953 5281 996 5329 est
1047 5279 1145 5339 straus,
1162 5271 1267 5341 qualem
1282 5269 1309 5324 in
1326 5270 1432 5341 negotio
1452 5271 1535 5339 ipsius
1553 5267 1694 5339 religionis
1711 5266 1895 5324 exhibui&

200 5346 333 5416 celebrata
345 5373 489 5425 consensu,
504 5359 651 5431 Eutycbear
667 5371 746 5432 atquc
759 5363 913 5418 Dioscorum
929 5379 995 5420 can·
1050 5365 1134 5431 Unda,
1150 5365 1220 5435 quod
1232 5378 1284 5418 nan
1299 5363 1358 5421 sine
1369 5363 1451 5418 dirini
1471 5360 1566 5433 judicii
1581 5369 1687 5418 terrore
1701 5358 1895 5418 dicendur‘!

201 5462 253 5508 stat
269 5453 351 5507 luisse
365 5450 516 5506 damnatos.
541 5451 659 5519 Quorum
679 5452 837 5508 Timatlreus
859 5463 884 5508 et
900 5453 994 5511 Petrus
1049 5469 1105 5525 est,
1124 5458 1205 5512 etiarn
1221 5457 1298 5511 rrobis
1318 5457 1340 5512 si
1359 5456 1517 5526 requisisset
1530 5453 1704 5525 optantium,
1732 5469 1788 5509 ιιοιι
1808 5443 1895 5509 ee‘l

202 5543 335 5598 exstitisse
345 5542 478 5598 docentur
489 5541 668 5613 proculdubio
679 5554 834 5609 sectatores,
846 5560 994 5616 eorumque
1050 5549 1199 5621 permissus
1220 5548 1330 5604 absolui.
1355 5548 1495 5617 Quomodo
1516 5557 1606 5604 autem
1632 5546 1752 5603 duruuus
1780 5546 1875 5601 Ιίιῐιιϊ

224 3112 299 3169 Eolis
313 3111 467 3168 vetranioni
481 3113 619 3185 episcopo.

201 5646 232 5689 se
244 5636 425 5691 cunmrunioni
438 5633 548 5690 nelarim
560 5636 709 5698 miscuisse,
722 5636 802 5689 etiam
816 5651 875 5692 cura
891 5640 995 5696 atrabis
1052 5654 1142 5698 noster
1157 5641 1316 5697 uctrerairilis
1336 5642 1481 5712 imperator
1501 5654 1554 5697 non
1576 5639 1629 5696 boc
1651 5639 1705 5696 sibi
1727 5639 1863 5709 judicat-⁴

239 5737 252 5766 ⁸
271 5729 447 5787 scribendum
463 5729 611 5798 Longinam
627 5727 735 5798 Fausto,
751 5747 795 5784 aa.
811 5730 873 5791 490.
