3810 6254
132 277 187 340 eit
612 269 657 329 bii
676 263 935 328 reuertentibus
954 264 1148 326 vadbdtlctt
1166 264 1231 327 titt.
1250 266 1283 327 li.
1522 279 1530 330 “.
1707 271 1763 334 ste

136 395 203 468 ejus,
217 390 289 449 aliod
304 387 484 460 nondicebat,
499 386 551 444 nisi
564 385 629 442 iilud
642 385 714 457 qnod
727 384 782 456 jam
794 383 920 441 dixerat:
934 386 1056 447 debora
1070 387 1210 446 doctomm
1233 387 1342 446 nomine
1358 396 1370 428 ι
1385 387 1508 457 tatum,
1531 393 1668 448 strenuam
1682 400 1763 464 atqua
1794 421 1798 427 >

136 487 209 556 ¹Sicut
217 484 321 553 iussum
335 489 377 538 est
391 479 475 536 redde
488 475 554 534 mibi
568 475 661 533 ocnlm
674 488 759 532 meos.
776 474 923 532 dttendens
976 478 1160 539 doctissimum
1176 480 1281 548 virum,
1297 489 1357 552 post
1367 481 1508 537 diutnmos
1528 482 1644 539 carceris
1657 483 1764 553 squalo-

136 589 239 649 qnoque
250 572 386 644 Eugenius
397 569 603 628 inverecundam
614 567 810 636 credulitatem,
824 576 852 624 et
862 565 923 638 quta
976 587 1021 628 res
1044 570 1168 629 incendio
1191 573 1387 639 concremavit,
1415 574 1552 631 aestimans
1571 575 1618 631 tali
1639 575 1764 647 exemplo

135 667 186 739 jam
200 673 306 735 tempus
320 663 441 734 urgebat,
459 661 545 733 pergit
563 676 625 718 cum
644 675 688 745 eo,
704 660 850 716 comitante
863 659 924 716 olli·
977 663 1100 718 timorem
1127 662 1279 729 incutiens,
1301 663 1420 734 reliquos
1440 678 1470 720 sc
1491 664 1630 721 elisurum.
1645 667 1764 737 Tattdem
1811 696 1812 700 =

135 758 175 813 cio
185 756 346 813 elericorum
363 753 396 809 ad
406 751 519 809 lentem.
536 750 585 808 Ubi
601 749 660 806 lixis
686 749 798 822 genibus
811 765 870 807 curn
884 750 925 807 in·
977 755 1082 811 venitur
1094 753 1128 809 ad
1139 752 1327 825 disputationis
1339 754 1503 822 condictum,
1518 755 1551 810 ad
1565 756 1651 813 iocum
1662 757 1766 815 scilicet

134 848 206 922 genti
219 847 331 918 gemitu,
348 845 456 916 pulsans
470 842 630 914 singultibus
642 841 751 908 emittm,
762 842 924 912 crispantem
976 861 1055 917 quem
1071 845 1225 917 delegerant
1239 846 1396 902 adversarii.
1413 847 1549 904 licitantes
1575 848 1655 919 igitur
1679 849 1764 907 nostri

136 937 273 996 benedixit
283 937 389 993 alveum
399 933 494 1001 lentis,
507 943 534 991 et
546 949 606 990 cnm
617 933 747 1004 completa
760 933 927 991 surrexisset
978 938 1177 995 vociferationis
1200 938 1344 1005 tumultus,
1359 953 1394 994 nc
1408 938 1476 994 lorte
1490 940 1659 1009 postmodnm
1673 940 1764 998 Ariani

136 1030 271 1099 oratione,
301 1031 336 1084 ita
348 1042 421 1084 eeeeo
443 1027 600 1098 respondit:
617 1028 675 1083 lam
692 1026 739 1082 tibi
753 1025 820 1093 dixi,
844 1026 926 1083 irater
977 1030 1111 1094 dicerent,
1127 1030 1198 1102 quod
1210 1044 1256 1086 cos
1268 1038 1420 1087 nostrornm
1436 1032 1600 1101 oppresserit
1611 1033 1765 1102 multitudo,

137 1122 222 1188 Felix,
237 1133 361 1192 peccator
382 1119 464 1176 bomo
483 1133 534 1191 cgo
548 1132 624 1186 sum;
640 1117 688 1175 sed
713 1117 757 1188 qui
778 1127 803 1173 te
817 1116 927 1175 visitare
977 1123 1098 1193 deligunt
1110 1123 1143 1179 de
1165 1137 1195 1179 se
1214 1125 1298 1181 nostri
1312 1123 1358 1195 qni
1374 1138 1421 1194 pre
1435 1124 1558 1181 omnibns
1572 1126 1766 1196 responderent

137 1211 322 1284 dignatusest,
347 1218 456 1280 prestet
471 1208 519 1264 tibi
531 1209 659 1265 Dominus
678 1207 823 1265 seeundum
846 1207 927 1266 fidem
977 1213 1081 1269 decem.
1103 1210 1224 1269 Colloeat
1248 1213 1300 1270 sibi
1314 1213 1404 1286 cyrila
1418 1229 1479 1270 cum
1494 1215 1551 1270 suis
1561 1204 1719 1274 satellitibus
1738 1218 1766 1275 in

91 1364 94 1366 ‚
137 1310 220 1372 tuam,
235 1310 263 1359 et
274 1300 376 1372 aperiat
386 1299 478 1357 oculos
490 1308 560 1356 tuos.
577 1298 718 1371 Simulque
730 1299 827 1356 vexillo
838 1298 927 1356 crucis
978 1305 1037 1362 loeo
1053 1306 1161 1362 excelso
1174 1306 1395 1378 superbissimum
1410 1306 1538 1363 tbronum
1555 1310 1703 1366 astantibus
1716 1310 1765 1384 [ol.

137 1394 277 1466 consignat
291 1395 382 1452 oculos
394 1392 464 1464 ejus.
481 1393 577 1451 Statim
590 1408 679 1450 coecus
693 1394 796 1463 visum,
811 1394 927 1451 Domino
978 1397 1067 1471 nobis]
1081 1398 1189 1455 nostris.
1215 1398 1399 1469 dixeruntque
1425 1401 1509 1456 nostri
1533 1401 1669 1471 episcopi:
1684 1399 1698 1438 ι
1718 1401 1766 1458 llia

137 1486 281 1555 reddente,
297 1485 408 1556 recepit.
423 1484 510 1553 Quem
522 1499 631 1554 secum,
655 1501 793 1557 quousque
807 1484 926 1543 anniversl
977 1505 1083 1560 semper
1093 1498 1217 1561 estgrata
1229 1489 1349 1556 collatio,
1365 1491 1409 1547 ubi
1424 1490 1540 1561 superba
1549 1505 1603 1548 non
1615 1491 1768 1551 dominatur

137 1578 343 1651 baptizarentur,
358 1578 395 1641 ibi
410 1578 523 1635 detinuit
539 1587 552 1617 ι
567 1579 601 1634 ob
621 1578 682 1644 ltoe,
708 1595 741 1635 ne
754 1588 828 1635 tanto
842 1580 924 1636 mira·
978 1583 1118 1654 potestatis
1131 1583 1229 1650 clauim
1246 1582 1292 1639 scd
1307 1599 1341 1640 ex
1357 1599 1490 1640 consensu
1502 1585 1637 1641 communi
1650 1587 1767 1654 venitur,

137 1672 199 1730 culo
211 1670 326 1743 populus
348 1671 491 1738 excitatus,
519 1669 605 1726 uirum
624 1679 774 1727 contereret
787 1671 832 1741 qui
846 1686 922 1728 rece-
980 1685 1008 1733 nt
1030 1677 1213 1747 cognitoribus
1236 1676 1467 1742 discernentibus,
1483 1677 1603 1746 partibus
1616 1679 1766 1749 agentibus,

139 1770 214 1836 perat
228 1763 328 1819 iumen.
344 1761 386 1818 iu
408 1770 500 1832 postea
525 1759 694 1817 manifestum
718 1761 845 1818 Ecclesiae
869 1761 929 1818 nni·
942 1736 965 1798 B
980 1768 1050 1840 qnod
1068 1783 1159 1824 verum
1184 1777 1226 1824 est
1240 1776 1411 1837 agnoscatur.
1426 1768 1504 1823 liunc
1527 1777 1615 1825 antem
1641 1769 1701 1841 quis
1718 1770 1769 1829 crit

139 1871 232 1912 versae.
245 1855 370 1912 Procedit
382 1855 415 1910 ad
429 1854 513 1911 altare
528 1868 588 1910 cum
605 1855 741 1925 Eugenio,
761 1856 830 1911 sient
845 1856 928 1913 motis
979 1860 1111 1930 cognitor,
1123 1859 1182 1929 quis
1196 1859 1373 1926 examinator,
1389 1868 1416 1914 ut
1430 1859 1496 1915 libra
1515 1859 1625 1930 justitiae
1639 1868 1686 1917 aut
1699 1861 1769 1918 bene

140 1956 196 2015 est,
212 1946 257 2018 qui
271 1946 358 2003 luerat
381 1960 478 2015 caecus,
496 1961 552 2002 suar
575 1946 670 2002 salutis
693 1946 856 2003 oblationem
876 1947 929 2003 lio·
979 1953 1082 2022 prolata
1104 1954 1260 2016 eoniirmet,
1275 1960 1321 2007 aut
1344 1967 1426 2024 prave
1441 1963 1576 2022 assumpta
1598 1952 1719 2010 relellati
1737 1953 1771 2009 lit

140 2039 212 2096 mino
232 2037 397 2097 redditurus.
421 2038 506 2107 Quam
531 2036 673 2108 episcopus
694 2036 827 2108 accipiens
849 2036 928 2094 altari
979 2059 1039 2099 enm
1054 2045 1117 2100 talin
1132 2054 1159 2099 ct
1173 2045 1223 2100 alia
1243 2046 1407 2112 dicerentur,
1425 2044 1547 2102 notarius
1569 2047 1641 2116 regis
1655 2061 1769 2117 respon·

141 2131 275 2202 impleuit.
291 2130 333 2187 l'it
347 2129 485 2201 strepitos,
499 2129 597 2200 gaudio
611 2127 625 2167 b
642 2138 812 2198 provocante,
829 2128 929 2184 irrero·
979 2138 1019 2193 dit
1035 2154 1042 2192 ι
1058 2136 1212 2193 latriarclta
1228 2146 1239 2175 ι
1255 2136 1344 2210 Cyrila
1365 2136 1441 2192 dixit.
1457 2136 1498 2193 Ad
1521 2137 1592 2208 quod
1614 2138 1729 2207 superbe
1742 2146 1771 2196 et

141 2226 232 2284 canius
245 2225 414 2297 populorum.
429 2224 526 2280 Sittius
547 2224 656 2279 nuntius
675 2223 760 2294 pergit
781 2222 814 2276 ad
836 2230 928 2294 lyran-
979 2228 1072 2284 illicite
1085 2228 1135 2283 sibi
1151 2242 1248 2285 nomen
1267 2237 1422 2297 ustrrpatum
1443 2227 1527 2282 nostri
1549 2226 1672 2283 detestati
1694 2228 1769 2284 dine-

142 2336 213 2377 uum.
227 2321 341 2390 Rapitur
351 2317 437 2386 Felix,
450 2317 594 2389 inquiritur
603 2318 638 2373 ab
649 2332 682 2373 eo
695 2317 758 2388 quid
772 2316 871 2373 laetum
881 2317 928 2386 sit,
980 2329 1043 2376 rnnt
1058 2338 1064 2374 ε
1081 2321 1197 2391 Legotnr
1221 2320 1300 2375 nobis
1314 2335 1365 2390 qno
1380 2318 1545 2375 eoncedente
1564 2319 1635 2376 istud
1657 2319 1708 2377 sibi
1721 2334 1770 2376 no·

108 2481 113 2484 Α
143 2416 192 2486 22
202 2412 370 2484 qualiterque
385 2412 517 2482 receperit
530 2410 631 2468 iumen.
642 2408 712 2467 Dicit
724 2409 770 2465 illo
787 2408 928 2465 exordiae
981 2427 1043 2468 men
1053 2412 1140 2484 Cyrila
1154 2409 1307 2481 assumpsit.
1325 2410 1358 2464 lit
1368 2411 1465 2466 exinde
1476 2411 1617 2480 strepitum
1629 2411 1769 2468 concitan-

143 2501 390 2573 totnm,dicantque
404 2502 564 2558 nrianornm
577 2498 929 2572 episeopizllochgenius
982 2513 1040 2572 tes,
1064 2505 1222 2560 calumniari
1252 2503 1398 2559 adversarii
1422 2511 1573 2573 caeperunt.
1591 2505 1622 2559 lit
1635 2502 1697 2573 qnia
1720 2503 1770 2560 ltoc

144 2612 188 2669 per
202 2596 334 2654 maleficia
348 2595 421 2652 lecit.
437 2595 471 2652 Et
490 2595 551 2667 qnia
573 2593 693 2666 oppressi
707 2591 864 2649 contusione
887 2592 928 2648 lu·
982 2595 1066 2651 trostri
1082 2595 1213 2664 petierant
1230 2602 1259 2649 nt
1269 2594 1375 2662 saltem,
1389 2596 1412 2649 si
1434 2595 1587 2651 examinare
1599 2609 1651 2648 nou
1663 2594 1769 2663 licebat,

143 2705 203 2748 tuen
216 2705 269 2746 non
283 2697 407 2760 poterant
420 2688 553 2756 nnbiiare,
573 2703 606 2745 eo
619 2688 691 2760 quod
704 2687 781 2743 l'ciix
798 2688 930 2745 universas
982 2687 1106 2759 prudenti
1118 2686 1280 2742 multitudini
1295 2689 1338 2743 vel
1352 2698 1509 2759 exspectare
1523 2688 1633 2744 liceret:
1643 2687 1771 2758 jubentur

144 2785 239 2842 civitati
264 2782 421 2841 mauilestus
435 2791 507 2841 esset
529 2793 557 2840 ιι
579 2792 678 2850 notua;
694 2791 783 2839 umen
803 2782 932 2841 volebant
982 2777 1099 2834 universi
1115 2778 1161 2833 itii
1173 2777 1312 2833 corbolien
1321 2777 1451 2834 Ecclesiae
1461 2778 1505 2849 qui
1517 2779 1638 2846 aderant,
1651 2779 1772 2837 centenis

144 2893 220 2947 qum,
235 2879 259 2934 sp
274 2878 316 2936 sqq
332 2888 417 2947 eggan,
435 2893 543 2945 „00qu,
558 2878 691 2950 quomodo
706 2878 791 2935 sup-21
816 2879 931 2937 suspira.
983 2871 1098 2927 fustibus
1111 2870 1157 2943 [ci.
1171 2869 1248 2942 cardi]
1266 2870 1350 2925 tundi.
1363 2871 1438 2926 Tune
1449 2871 1566 2926 clamare
1579 2872 1660 2940 coepit
1678 2872 1771 2927 beatus

146 2978 199 3026 rum
214 2969 804 3041 Lazarumcupiebantoccuperq(soaq,1q‚
820 2972 877 3043 ιιι),
984 2962 1069 3035 ibor..
1087 2961 1230 3034 Eusebius]
1252 2962 1387 3032 Eugenius
1403 2981 1409 3015 :
1426 2960 1521 3017 Videat
1533 2961 1604 3018 licus
1626 2964 1679 3018 vim
1691 2978 1770 3033 quant

178 3060 270 3118 xllll.
287 3061 373 3117 ιαιιιι
386 3072 493 3134 martyr.
508 3092 543 3103 -
558 3063 796 3133 Appropinqnabat
818 3062 872 3134 jam
892 3063 933 3120 lu·
983 3059 1109 3128 patimur,
1140 3064 1285 3127 cognoseat
1312 3055 1485 3111 afflictionem
1510 3064 1538 3111 ct
1560 3057 1771 3126 persecutionem

147 3160 218 3208 turus
242 3152 301 3211 tica
321 3153 366 3207 illc
386 3152 567 3209 calumniosus
590 3152 761 3210 calendarum
777 3154 933 3211 Februaria·
984 3166 1063 3222 qnam
1078 3166 1093 3205 a
1109 3148 1324 3219 persecutoribus
1346 3147 1518 3232 sustinemus.
1531 3147 1713 3220 conversique
1724 3163 1770 3206 no·

147 3256 216 3310 rum,
240 3242 274 3298 ab
298 3241 395 3299 eudem
422 3250 547 3299 ιιιιιιιιιι.
572 3244 742 3300 Conveniunt
766 3260 820 3300 non
847 3247 934 3302 solunt
985 3242 1164 3316 stri‚Cyrilrc
1183 3241 1468 3309 dixeruntrirnpone
1493 3240 1563 3310 qnod
1579 3240 1773 3312 disponisacy·

149 3334 276 3390 universae
294 3334 407 3404 diriore,
429 3336 616 3393 verumetiam
632 3338 778 3394 insularum
791 3339 935 3396 multarum
985 3339 1034 3395 rila
1046 3336 1113 3392 dixit
1128 3354 1134 3389 ε
1150 3335 1244 3390 Nescio
1256 3332 1351 3389 Latine
1363 3332 1444 3406 [Coti.
1461 3334 1477 3402 i,
1491 3332 1563 3387 addit
1575 3332 1669 3405 loqnil.
1681 3332 1772 3390 Nostri

148 3424 464 3495 episeopiaitlietioneet
476 3440 593 3483 oroerore
604 3428 730 3484 conlecti.
748 3430 933 3486 Fitsiientium
986 3431 1102 3502 episcopi
1126 3429 1255 3485 dixerunt
1268 3445 1273 3481 :
1287 3428 1399 3497 Semper
1413 3437 1439 3483 te
1459 3425 1553 3482 Latine
1574 3441 1634 3483 csse
1657 3426 1772 3482 loentum

148 3514 240 3571 diebos
253 3516 360 3584 multis,
372 3531 511 3590 quousque
526 3521 626 3590 peritos
637 3535 756 3593 quosque
771 3531 799 3577 et
811 3522 934 3580 doctissi·
989 3525 1129 3582 manifesto
1144 3525 1280 3587 novimns;
1293 3522 1372 3577 modo
1387 3521 1507 3577 excusari
1522 3536 1575 3576 non
1589 3519 1689 3590 debes,
1705 3535 1774 3590 prae-
1835 3545 1836 3550 ¹

149 3623 204 3665 mos
218 3611 290 3666 viros
304 3608 351 3684 [ol.
373 3610 470 3668 exinde
491 3615 641 3686 superaret}
656 3614 763 3672 interim
785 3625 934 3688 separaret,
988 3617 1080 3673 sertim
1092 3616 1153 3687 quia
1168 3624 1196 3671 ιιι
1211 3614 1289 3684 buius
1308 3614 1348 3671 rei
1367 3613 1520 3669 incendium
1532 3611 1676 3669 suscitasti.
1691 3611 1725 3668 tit
1736 3611 1775 3670 vi·

148 3701 286 3760 ulomaiu
305 3703 432 3776 appositis
452 3705 615 3762 enecandos.
632 3705 697 3763 iiatn
722 3722 803 3764 unum
818 3723 851 3766 ex
877 3708 936 3780 ipso
990 3707 1056 3764 dens
1067 3705 1215 3763 catholicos
1230 3707 1370 3777 episcopos
1384 3704 1418 3761 ad
1432 3705 1584 3763 eottdictum
1597 3708 1681 3777 magis
1694 3704 1775 3761 inisse

184 3917 198 3946 ⁸
215 3907 357 3964 Loricbius
369 3906 409 3963 sic
423 3907 503 3964 babet
522 3926 528 3962 ε
551 3908 589 3964 Ob
602 3909 651 3964 boc
675 3917 772 3964 tanturn
785 3910 937 3966 miraculum
988 3910 1094 3965 bantur.
1110 3909 1148 3964 lie
1161 3907 1203 3963 lris
1219 3906 1384 3974 noqttstimn
1403 3906 1429 3961 in
1453 3904 1589 3961 breviculo
1610 3903 1773 3959 collationis.

150 3977 258 4050 populns
269 3979 404 4042 excitatur,
414 3979 582 4047 comprimere
597 3981 678 4034 uirum
693 3982 736 4051 qui
759 3992 886 4049 receperat
896 3981 937 4036 iu·
988 3981 1065 4035 Plura
1077 3995 1141 4035 vern
1156 3978 1235 4033 babet
1245 3979 1363 4033 llorinns
1373 3976 1419 4031 lib.
1433 3992 1441 4030 ι
1455 3976 1680 4030 Exercitationem
1692 3973 1775 4029 eccle·

152 4064 207 4102 mere
220 4058 359 4117 ceperunt.
373 4046 418 4104 Fit
436 4060 533 4119 posteo,
547 4058 599 4106 etc.
987 4052 1062 4105 siast.
1079 4065 1137 4118 cap.
1152 4049 1198 4102 ib.
1216 4048 1313 4103 Eorum
1326 4047 1426 4101 mentio
1440 4045 1538 4116 passim
1553 4045 1579 4098 in
1599 4044 1773 4099 conciliorum

184 4115 273 4183 ιιΔΙιι,
293 4125 402 4174 munere
420 4128 467 4175 aut
494 4120 639 4174 comitante.
659 4118 734 4175 colb.
753 4122 778 4182 i,
799 4120 935 4175 arediunte.
987 4121 1054 4175 actis
1065 4121 1188 4179 liabetur,
1203 4134 1234 4173 cx
1248 4118 1344 4188 quibus
1357 4116 1435 4172 iacile
1447 4115 1534 4185 quivis
1548 4130 1640 4170 corum
1655 4113 1774 4169 nlircinm

147 4187 264 4245 urrtrod.
278 4198 306 4245 et
318 4189 467 4255 Loriebins,
480 4200 632 4261 praeorante
644 4191 837 4254 inestimabilis,
846 4204 897 4245 cre.
988 4192 1144 4259 dignoscere
1151 4190 1205 4260 78
1213 4197 1309 4256 potest.
1322 4189 1355 4243 lit
1364 4186 1556 4255 inira,.prolotu
1567 4185 1709 4252 eonpirmet,
1721 4193 1773 4239 ιιι.

107 4318 113 4324 ,
189 4269 200 4298 ι
215 4258 263 4315 llic
277 4259 326 4315 luit
339 4261 479 4332 episcopus
492 4261 649 4332 lieptitanns
664 4261 690 4316 ιιι
704 4260 850 4331 Byzacena,
864 4271 893 4316 nt
903 4275 936 4316 cn
988 4262 1046 4316 Ful.
1060 4270 1087 4316 ct
1101 4261 1189 4322 blare,
1206 4260 1365 4326 eonprmcnt,
1384 4267 1429 4311 ont
1444 4258 1536 4326 probro
1548 4265 1679 4322 assumpto
1696 4254 1779 4324 repel-⁴

146 4329 346 4400 uontiapater.
371 4329 567 4386 ldcmtcstatnr
592 4330 681 4387 Victor
695 4332 882 4388 Tannoncnsis
909 4331 935 4387 in
992 4330 1055 4385 ianr.
1072 4331 1319 4398 Gerrrr.,rorrprntet
1344 4338 1387 4382 out
1408 4328 1511 4396 probro,
1534 4337 1587 4383 etc.
1610 4324 1722 4385 0rtltod.
1750 4330 1778 4382 ct

140 4399 296 4464 (Ibrouieo,
312 4407 339 4456 et
352 4398 468 4456 isidorus
478 4401 504 4455 in
525 4400 639 4457 Historia
654 4401 728 4456 brevi
744 4401 935 4469 vandalorum,
951 4422 978 4484 D
992 4402 1140 4466 lauritius,
1155 4399 1269 4468 improbe
1279 4407 1409 4468 oarrnnptu
1419 4397 1529 4466 refellat.

141 4484 206 4525 vera
220 4469 284 4525 libi.
298 4469 362 4538 Eius
373 4472 527 4526 memoriam
544 4471 623 4527 simui
635 4487 694 4527 eum
708 4487 786 4542 supra
798 4473 938 4529 recensitis
1028 4482 1039 4510 ⁰
1057 4473 1131 4527 llnne
1148 4471 1233 4526 locum
1250 4471 1413 4525 restituimus
1426 4484 1461 4523 ex
1477 4466 1649 4523 irascentur
1667 4475 1694 4523 ιι
1704 4468 1778 4522 eon.

136 4538 354 4596 eontesaortbua
367 4540 506 4597 celebrant
519 4542 624 4610 uulgata
646 4541 833 4613 llartprologia
856 4543 900 4599 die
922 4543 939 4598 d
992 4543 1196 4610 interpellarunt
1209 4541 1307 4610 quippe
1321 4539 1455 4605 catlrolici,
1470 4552 1531 4593 cum
1546 4539 1603 4593 ltnc
1618 4538 1708 4598 rerba.
1724 4536 1777 4593 lio-

140 4608 329 4680 Septembris.
343 4610 533 4668 lictertamcn
548 4612 735 4668 Tannonensis
756 4614 783 4668 in
806 4614 939 4670 Citrouico
992 4613 1105 4666 triarclro
1121 4611 1207 4681 Cpr-ito
1231 4612 1306 4676 dicit,
1331 4609 1456 4665 Notarius
1476 4610 1669 4675 pronuntiaret.
1698 4606 1779 4664 Ferro

144 4677 264 4736 metato
276 4694 338 4736 eum
350 4679 395 4736 die
409 4696 445 4735 ιιι
459 4680 584 4738 cateruas
599 4682 720 4738 Octobris
732 4682 849 4753 glorioso
869 4699 940 4739 mar·
992 4685 1064 4738 enirn
1083 4697 1135 4736 non
1150 4691 1284 4751 poteraut,
1304 4690 1332 4734 ut
1352 4680 1396 4736 ille
1411 4678 1526 4751 Cyrilam
1547 4687 1713 4749 nuncuparet
1732 4693 1779 4748 pa-

142 4750 226 4821 tprio
239 4758 397 4806 coronatum
424 4750 507 4807 inisse
525 4761 675 4818 asseverat,
696 4753 803 4810 Ζιιιιιιι
821 4754 941 4825 Augusto
993 4753 1148 4816 triarciram,
1166 4752 1236 4806 nndc
1246 4752 1377 4806 sermonis
1397 4751 1482 4819 ipsius
1505 4749 1576 4803 ilium
1601 4750 1780 4818 interrupere.

139 4821 279 4877 consule.
296 4821 419 4890 Eiusdem
433 4822 517 4876 sanmi
533 4823 582 4877 viri
598 4824 764 4905 apparitione
777 4824 875 4880 bellum
890 4823 939 4879 ad·
993 4823 1070 4878 Colla.
1086 4823 1164 4885 alter,
1174 4821 1309 4884 lilrcnan„
1324 4820 1423 4884 cirilli,
1434 4819 1521 4884 itate,
1536 4828 1564 4874 et
1578 4820 1665 4889 dign,
1681 4821 1779 4874 onusta

144 4904 251 4946 versus
266 4889 399 4948 llandaios
413 4890 590 4946 alostiniano
613 4902 773 4964 imperatore
787 4903 942 4964 susceptum
994 4909 1045 4949 nna
1062 4893 1141 4947 linea.
1159 4890 1244 4946 Cerito
1256 4892 1338 4945 diris:
1357 4891 1478 4962 deputer,
1507 4900 1559 4944 ete.
1582 4891 1667 4945 blitcr
1681 4891 1782 4960 lrabeat

144 4959 241 5018 luisse
257 4960 352 5018 scribit
364 4961 418 5032 jam
439 4961 562 5021 laudatus
585 4960 712 5026 isidorus,
739 4979 792 5020 nra
816 4965 879 5020 560.
901 4962 943 5018 ud
994 4964 1068 5029 Sne,
1083 4909 1208 5024 Ortbodlq
1226 4961 1375 5028 borio-bins,
1391 4972 1487 5018 etcum
1503 4960 1542 5015 cis
1557 4960 1631 5015 Baid.
1648 4961 1675 5017 in
1691 4961 1780 5029 prole·

143 5030 420 5099 medenentense
432 5033 568 5089 incitatum
584 5033 812 5089 adhortationibus
825 5032 942 5104 episcopi
994 5033 1126 5104 gomenis,
1153 5033 1265 5094 seilicet.
1291 5031 1443 5087 l'ntriorcltn
1469 5030 1555 5100 c'qrito
1586 5031 1664 5095 dicit,
1684 5033 1782 5101 aliquot

148 5101 309 5169 mimdam,
324 5102 368 5172 qui
385 5103 431 5158 liei
447 5103 550 5158 monitu
566 5118 600 5158 err
619 5102 729 5160 Oriente
752 5105 942 5160 Constantino·
996 5115 1106 5161 nestrum
1129 5103 1235 5173 superbe
1259 5111 1283 5157 et
1303 5103 1391 5157 illicite
1411 5102 1460 5156 ribi
1484 5116 1575 5155 uenten
1599 5102 1783 5156 coritolieornnt

147 5170 241 5294 ‘alim
260 5179 381 5237 venerat,
409 5172 506 5227 asserit
527 5172 672 5244 Procopius
694 5174 762 5230 libro
784 5190 792 5228 t
816 5174 849 5230 de
869 5173 945 5230 llello
996 5189 1142 5246 rrarupoatc.
1159 5172 1249 5227 Nostri
1265 5174 1350 5226 testari
1364 5174 1501 5228 dicerunt:
1516 5170 1636 5241 deputor,
1656 5183 1707 5227 ιιι.
1732 5175 1783 5228 Sed

183 5239 313 5298 rodatico.
331 5240 414 5297 Paule
427 5241 493 5298 inira
507 5244 635 5298 carinam
649 5244 694 5297 toli
704 5245 817 5315 cecropio
830 5245 944 5299 titrrorenr
996 5246 1022 5299 ιιι
1039 5244 1127 5309 failor,
1144 5257 1237 5297 rocem
1248 5241 1438 5297 Cotlroiicorum
1451 5242 1550 5310 absque
1563 5257 1614 5296 tus.
1626 5255 1784 5312 posuerunt,

154 5307 294 5380 ἰιιιιιιιιιιι,
308 5320 362 5368 ιιι.
378 5310 454 5367 Golb.
476 5314 502 5377 l,
524 5315 651 5369 ettiutuns
667 5317 735 5383 quod
737 5353 804 5370 ......
829 5315 946 5369 timorem
996 5314 1149 5439 §nodatus
1166 5327 1261 5369 sensus
1284 5313 1420 5369 videretur
1444 5313 1483 5367 cis
1506 5326 1566 5368 esse
1590 5314 1690 5369 nullus.
1718 5312 1783 5367 liam

153 5382 289 5438 ειιιιιιιι.
304 5382 395 5448 llari„
411 5381 483 5449 rut,
500 5382 603 5450 Germ,
618 5385 693 5452 Sur„
717 5384 828 5442 Ortlrod.
850 5395 877 5441 ct
892 5384 945 5439 Lo·
1021 5385 1056 5438 ul.
1070 5393 1097 5438 et
1116 5383 1219 5448 Germ..
1235 5383 1279 5452 qui
1295 5385 1363 5438 lanne
1384 5383 1525 5439 lectionem
1539 5381 1649 5450 habent,
1671 5398 1721 5451 pro
1740 5399 1784 5436 eo·

159 5451 393 5522 trebiaeque...
406 5454 522 5508 timerent
534 5454 655 5510 incuteret
666 5455 770 5525 reliquis
780 5464 804 5510 et
815 5456 943 5511 lecturum.
998 5454 1151 5510 titolicorum
1165 5453 1263 5509 babent
1286 5454 1450 5525 patriarche,
1466 5463 1494 5508 ιι
1511 5452 1587 5508 colb.
1608 5454 1702 5510 tertius
1721 5465 1782 5506 eum

195 5521 275 5579 editt
288 5523 398 5590 liabent,
410 5521 463 5578 llio
473 5532 618 5595 mtternper
628 5525 762 5580 tractando
775 5524 880 5590 locutio,
891 5525 945 5593 ubi,
981 5538 983 5540 ·
998 5524 1091 5593 (lump.
1107 5531 1238 5579 neutram.
1257 5523 1340 5579 Porro
1355 5523 1487 5579 familiare
1501 5531 1569 5589 erat,
1585 5532 1613 5578 ιιι
1633 5523 1687 5593 jam
1702 5532 1783 5589 supra

161 5603 212 5648 etc.
224 5589 747 5666 btinlra,Cognitoribmdiaeerneutibtu.
759 5595 867 5665 Aliquot
879 5609 944 5651 mss.
998 5595 1209 5660 observavimus,
1225 5594 1295 5665 apud
1316 5593 1510 5664 istosaliosque
1532 5592 1669 5656 barbaros,
1686 5589 1782 5658 prect-

167 5670 189 5715 ιι
201 5661 276 5731 ιιιιι,
290 5664 489 5720 decernentibus.
507 5664 590 5721 Porro
611 5668 762 5737 cognitores
787 5665 945 5721 dicebantur
999 5681 1080 5740 puuttt
1093 5665 1179 5737 gentis
1190 5679 1247 5724 sue
1260 5665 1415 5738 episcopum
1431 5663 1604 5739 patrimorum
1617 5673 1781 5731 ιιιιιιιιιιιιιι·
1810 5712 1814 5721 .

167 5732 207 5796 tui
216 5735 438 5804 recognoscendis
448 5736 636 5807 cpiscoporum
646 5735 786 5796 sententiis
795 5734 946 5794 committe·
984 5758 1005 5768 ··

10 5810 28 5891 l
