3810 6254
1416 201 1547 251 ”””””ἰι’;“ν·ἷ

128 279 179 362 tal
508 258 511 265 ’
751 289 1117 350 srnonnnrommnnts
1700 291 1755 355 ma

129 416 252 475 versibus
266 420 351 485 petas.
366 411 436 478 litat,
447 411 554 479 inquam
567 425 573 461 :
588 415 786 480 retrorsumque
796 424 912 467 conver·
926 418 951 479 Α
965 413 1032 469 iram
1048 412 1153 470 tristitia
1168 421 1353 480 successorum
1369 425 1419 470 nec
1428 413 1494 472 satis
1506 413 1591 471 deluit
1604 416 1667 487 quin
1681 418 1755 488 qela.

130 526 187 578 sus,
202 518 327 580 tanquam
341 518 436 576 aquam
450 517 589 573 poscerem
608 501 744 570 manibus,
760 512 915 575 tantumque
967 514 1037 570 rent,
1052 511 1175 575 tanquam
1190 506 1223 562 ad
1238 513 1371 562 exsertum
1393 505 1512 576 prebere
1534 507 1653 564 cervices
1677 509 1756 579 jussa

63 602 67 607 ’
129 611 279 661 remoratus
294 606 420 671 quantum
435 589 542 652 stibadii
556 596 685 652 circulum
705 597 849 653 celerantia
867 598 917 652 mi·
968 610 1133 651 mucronem.
1148 596 1197 651 Vix
1210 590 1271 667 post
1291 598 1349 652 brec
1374 596 1427 652 alia
1452 611 1547 667 pauca,
1575 601 1753 659 surreximus,

130 695 242 753 misteria
256 697 424 763 percurrunt,
445 688 562 744 cubitum
576 697 635 743 toro
649 687 763 743 reddidi.
776 688 810 742 Et
830 687 915 757 impe·
968 687 1105 743 Paululum
1120 687 1154 743 ab
1168 699 1277 758 aspectu
1290 687 1458 759 imperatoris
1472 704 1699 760 processeramus,
1712 702 1756 750 at·

131 795 207 845 rator
223 802 232 842 s
247 781 434 853 Spoponderas
460 789 484 836 te
503 780 637 836 licentiam
657 780 806 836 scribendos
820 790 916 852 satyrae
967 794 1020 852 que
1033 781 1178 835 etiamnum
1200 779 1387 851 chlamydibus
1408 781 1597 849 induebamur,
1611 797 1672 839 curn
1688 785 1755 843 mibi

130 875 253 933 *imbui
268 872 361 929 submi
374 872 580 943 P⁰S¹¹¹¹³¹¹¹fflm·
591 872 626 927 Rl
638 887 705 942 030:
968 871 1061 926 consul
1075 869 1107 925 ad
1122 878 1226 941 pectus,
1237 868 1400 941 praeicctoril
1415 871 1448 927 ad
1467 887 1561 928 manus
1574 874 1682 942 cadere,
1697 875 1757 948 ipse

191 991 356 1043 scriberemus
366 994 446 1052 satyra
457 989 498 1051 qut
510 988 600 1051 culpat,
611 989 716 1038 maximo
726 989 850 1060 princeps,
941 998 943 1003 ,
968 960 1014 1018 ille
1027 977 1102 1018 meus
1116 962 1218 1018 amicus
1231 962 1325 1017 crebro
1338 970 1365 1017 et
1378 962 1480 1033 abjecte
1489 965 1677 1022 miserantibus
1689 983 1757 1023 cun·

223 1049 810 1115 H³¹¹ll⁰ll⁰d⁸⁰⁸ffllb¹¹12l³i⁰bel⁸¹¹lt¹m0³b
968 1055 1018 1109 ctis
1030 1052 1164 1108 humiliari
1179 1070 1185 1106 :
1200 1055 1236 1109 ita
1248 1061 1276 1107 ut
1289 1052 1411 1110 timerem
1427 1069 1462 1109 nc
1471 1055 1540 1111 mibi
1550 1055 1677 1112 innatam
1692 1073 1758 1130 sup·

165 1155 278 1212 Secutus
292 1162 334 1209 est
346 1152 446 1222 lraqor,
469 1150 519 1205 nisi
543 1148 614 1219 quod
637 1149 697 1206 dico
717 1149 846 1219 iactantia
864 1153 916 1216 est,
968 1146 1093 1217 plicando
1106 1154 1235 1214 moneret,
1249 1160 1328 1216 qnam
1347 1145 1515 1202 criminando
1533 1163 1586 1203 non
1603 1151 1757 1208 concitare-

128 1264 179 1321 par
187 1247 350 1303 camillano:
364 1257 442 1315 quem
453 1242 560 1312 quidem
567 1255 619 1295 non
631 1250 684 1295 tant
694 1240 819 1298 carminis
829 1239 917 1309 digni·
969 1247 1019 1294 rat.
1035 1238 1094 1294 Diri
1104 1237 1137 1293 ad
1149 1246 1310 1303 extremum,
1328 1251 1436 1308 pressus
1448 1247 1524 1294 oratu
1536 1254 1678 1310 procerum
1690 1255 1757 1300 coo·

129 1349 183 1407 tas,
197 1351 277 1409 quam
293 1334 423 1405 temporis
448 1332 568 1389 brevitas
592 1333 699 1387 meruit.
728 1333 761 1387 lit
783 1333 915 1403 princeps,
968 1330 1147 1403 qlobatorum,
1159 1332 1240 1386 sciret
1253 1330 1392 1387 conatibus
1402 1333 1458 1388 suis
1467 1347 1550 1389 versu
1565 1333 1602 1389 nil
1623 1350 1758 1405 reponen-

129 1431 214 1487 Deum
230 1437 312 1485 testor
323 1435 351 1482 et
364 1434 464 1481 statum
479 1423 624 1495 publicum,
638 1439 680 1478 me
694 1422 728 1478 de
748 1423 800 1495 31
819 1430 917 1477 caetero
969 1419 1048 1487 dum,·
1057 1421 1186 1493 derogare
1208 1421 1312 1477 actibus
1339 1423 1407 1478 meis
1420 1425 1444 1479 sl
1468 1426 1600 1480 tamenin
1620 1437 1757 1496 posterum

129 1533 267 1588 nunquam
280 1515 477 1588 prohibiturum
488 1513 552 1584 quin
563 1529 622 1585 quat
636 1512 702 1569 uelis
717 1513 830 1577 scribas,
842 1511 918 1582 quip·
970 1512 1147 1583 pepercissem
1172 1513 1271 1570 etenim
1292 1513 1417 1571 sulficere
1440 1515 1554 1583 debere,
1570 1516 1641 1589 quod
1659 1529 1759 1590 satyra

128 1628 165 1686 pe
178 1626 240 1668 cum
253 1610 300 1666 tibi
329 1609 429 1665 crimen
456 1609 601 1678 impactum
626 1605 733 1676 probari
752 1605 826 1660 nullo
839 1603 918 1659 modo
969 1604 1083 1675 objectio
1098 1605 1195 1659 lamam
1206 1605 1271 1660 mibi
1284 1615 1413 1676 parasset,
1426 1606 1476 1662 sibi
1487 1607 1632 1665 inlamiam.
1644 1609 1672 1665 ln
1684 1624 1759 1666 sum

129 1705 233 1776 possit,
248 1701 368 1758 simulet
393 1698 570 1769 perinjurium
585 1698 796 1753 estsententiam
819 1710 918 1765 purpu-
956 1710 1012 1752 nra
1027 1695 1124 1766 pertuli
1137 1696 1256 1766 quidem,
1270 1696 1377 1754 domine
1397 1699 1493 1769 major,
1522 1715 1575 1756 non
1595 1710 1758 1759 assertorem

129 1794 183 1852 rati
196 1794 312 1849 tribuere
322 1791 435 1861 priuatis
445 1790 496 1846 boc
508 1787 697 1852 simultatibus,
706 1796 734 1842 ut
748 1787 875 1842 innocens
887 1800 919 1842 ac
932 1795 957 1857 Β
970 1791 1110 1846 calumniae
1120 1800 1234 1858 tantum,
1246 1802 1373 1862 quantum
1387 1801 1619 1849 murmuratorem.
1630 1794 1684 1851 Sed
1695 1810 1758 1854 enm

130 1899 224 1943 secura
237 1883 361 1941 nobilitas
379 1890 488 1951 proptor
502 1879 563 1935 odia
583 1888 654 1934 certa
683 1879 795 1934 crimine
816 1879 919 1933 incerto
972 1883 1037 1938 milri
1051 1883 1090 1939 sic
1102 1881 1267 1938 satisfactum
1293 1891 1345 1949 est,
1360 1892 1389 1939 ut
1409 1884 1510 1954 pectori
1525 1899 1596 1948 meo,
1613 1900 1661 1955 pro
1683 1893 1758 1944 reatu

130 1978 304 2050 periclitetur.
320 1974 360 2030 nd
373 1973 443 2029 banc
458 1973 515 2043 ipse
540 1974 701 2030 sententiam
716 1987 776 2028 curn
789 1986 920 2027 uerecun·
973 1974 1042 2043 eius,
1059 1982 1098 2028 tot
1112 1983 1274 2043 potestatum
1294 1974 1503 2046 dignitatumque
1517 1975 1633 2032 culmina
1648 1986 1676 2032 et
1696 1977 1758 2048 iura
1792 1986 1798 1994 ·

130 2071 276 2142 decapite
299 2067 430 2135 demisso,
455 2066 553 2136 quatias
577 2079 701 2135 agerem,
721 2064 920 2120 concionatoris
972 2065 1214 2133 submitterentur,
1236 2065 1324 2124 lateor
1350 2065 1488 2122 exordium
1507 2068 1674 2124 contumeliae
1700 2070 1760 2126 talia

131 2162 184 2221 mel
204 2169 345 2231 ruperunt
365 2174 412 2216 ora
438 2159 666 2229 pelleremque
689 2158 769 2226 paulo
781 2164 845 2212 ante
863 2163 923 2226 post
973 2154 1038 2210 tanti
1052 2154 1144 2221 luisse,
1162 2155 1204 2210 cui
1219 2142 1279 2211 linis
1292 2157 1376 2226 gloria
1392 2156 1451 2213 init.
1469 2157 1543 2214 Vale,

600 2356 832 2464 LIBER
872 2352 1285 2477 SECUNDUS.

340 2525 393 2596 32
412 2519 578 2579 aristosa
597 2516 713 2574 Pllllltl.
972 2516 1105 2583 dominus,
1123 2517 1205 2587 erigit
1223 2526 1251 2571 ut
1266 2526 1404 2588 tyrannus,
1421 2519 1520 2576 addicit
1534 2530 1564 2576 ut
1578 2521 1670 2591 judex,
1686 2523 1760 2580 calu·

976 2608 1093 2664 maiatur
1112 2616 1142 2662 ut
1163 2609 1302 2676 barbarus,
1317 2618 1372 2665 toto
1395 2611 1470 2667 dica
1490 2622 1560 2667 metu
1580 2623 1709 2682 armatus,
1724 2615 1760 2674 ab

973 2698 1085 2753 avaritia
1106 2698 1223 2768 jejunus,
1249 2716 1263 2753 a
1288 2701 1433 2772 cupiditate
1458 2703 1594 2774 terribilis,
1613 2706 1760 2764 auanltata

168 2795 226 2850 buo
251 2808 321 2850 nunc
351 2793 451 2865 pariter
474 2793 543 2847 mala
570 2789 705 2847 sustinent
726 2788 839 2845 Aruerni
868 2789 917 2844 tui.
972 2788 1103 2855 crudelis;
1119 2804 1171 2845 non
1190 2801 1277 2847 cessat
1300 2794 1380 2847 simul
1395 2794 1465 2849 sorta
1481 2795 1522 2850 rel
1538 2797 1643 2865 punire,
1656 2797 1699 2853 rel
1720 2797 1762 2855 ia-

131 2889 277 2959 Quaenaml
299 2887 406 2960 inquis:
423 2885 593 2957 presentiam
606 2882 621 2922 l
635 2882 768 2950 Seronati,
782 2890 810 2937 et
825 2882 923 2938 abseu·
972 2895 1052 2947 cere;
1079 2880 1167 2951 palam
1189 2891 1216 2938 ct
1237 2883 1385 2941 ridentibus
1409 2888 1561 2942 convocatis
1583 2895 1669 2943 ructat
1690 2889 1761 2946 inter

131 2981 196 3036 tiam
216 2988 298 3035 tuant.
321 2977 456 3043 Seronati,
483 2977 601 3045 inquam,
622 2972 657 3029 de
670 2971 746 3044 cujus
761 2979 790 3028 ut
805 2971 919 3043 primum
973 2974 1044 3029 eires
1064 2988 1176 3046 pugnas,
1193 2975 1261 3030 inter
1277 2975 1405 3033 barbaros
1423 2977 1525 3035 litteras
1539 2994 1548 3037 ι
1563 2980 1702 3052 epistolas,
1725 2997 1760 3040 tte

132 3071 212 3127 etlam
227 3053 334 3127 nornine
347 3070 451 3139 loquar,
466 3065 507 3122 sic
521 3065 586 3121 mibi
601 3064 706 3119 videtur
720 3063 795 3132 quasi
808 3063 920 3133 praescia
973 3066 1067 3136 primis
1081 3066 1189 3137 quidem
1204 3066 1324 3136 apicibus
1336 3068 1500 3126 sullicicnler
1513 3070 1643 3141 initiatus,
1656 3072 1761 3143 publica

130 3164 281 3220 futurorum
296 3163 392 3217 lusisse
407 3159 523 3225 lortuna,
539 3157 617 3213 sicuti
630 3172 665 3212 ex
677 3156 790 3212 adverso
805 3156 919 3226 majores
974 3171 988 3211 a
1006 3158 1133 3228 jactantia
1154 3157 1246 3225 dictat,
1268 3159 1302 3214 ab
1324 3159 1487 3231 impudentia
1510 3164 1651 3230 emendat;
1673 3174 1759 3220 totum

132 3256 217 3312 nostri
232 3256 325 3326 proelia
338 3253 434 3324 quibus
446 3252 511 3307 nibil
522 3258 563 3307 est
578 3249 685 3316 loedius,
698 3249 766 3304 bella
782 3249 919 3304 dixerunt:
973 3249 1043 3320 quod
1067 3239 1231 3321 concupiscit
1256 3252 1331 3322 quasi
1361 3261 1511 3324 comparat,
1536 3253 1654 3311 necdal
1673 3255 1760 3325 prelia

132 3345 232 3416 quique
254 3345 334 3400 etiam
357 3344 414 3413 pari
438 3341 636 3406 contrarietate,
664 3340 727 3405 lata,
748 3349 760 3377 ⁶
785 3354 844 3408 quae
866 3353 919 3394 noo
974 3350 1160 3407 contemnens,
1177 3357 1226 3399 nec
1243 3343 1340 3415 accipit
1358 3345 1534 3402 instrumento
1547 3348 1709 3417 desperans,
1731 3349 1760 3406 in

132 3444 286 3508 parcerent,
312 3434 410 3491 Parcas
431 3432 593 3489 vocitavere.
617 3431 706 3488 Rediit
728 3432 786 3501 ipse
805 3431 919 3486 catilina
933 3402 957 3468 c
973 3435 1085 3490 coasilio
1097 3443 1182 3503 tacet,
1199 3436 1225 3491 in
1240 3438 1353 3494 concilio
1365 3439 1458 3509 jubet,
1472 3440 1500 3496 in
1517 3441 1629 3497 ecclesia
1642 3440 1759 3512 iocatur,

132 3528 186 3600 33
199 3527 289 3583 surculi
303 3526 399 3594 nostri,
414 3540 499 3596 nuper
511 3521 526 3561 ⁴¹
538 3524 692 3590 Aturribus,
713 3531 743 3578 ut
762 3522 919 3593 sanquinem
973 3528 1000 3583 in
1015 3528 1139 3583 conuitio
1154 3527 1295 3598 predicat,
1315 3529 1341 3584 la
1360 3529 1483 3586 cubiculo
1502 3532 1625 3599 damnat,
1645 3531 1672 3588 in
1687 3547 1761 3602 quat·

132 3621 307 3689 iortuuasque
325 3618 501 3682 miserorum,
520 3631 588 3686 quas
606 3616 651 3671 ille
667 3614 704 3670 ibi
719 3631 753 3671 ex
769 3623 844 3685 parte
859 3629 920 3685 pro-
943 3615 945 3618 ’
973 3617 1060 3675 stione
1074 3618 1219 3685 dormitat;
1242 3618 1335 3689 implet
1354 3620 1473 3690 quotidie
1491 3621 1572 3676 siluas
1586 3621 1758 3692 iupientibus,

132 3712 281 3783 pinarerat,
305 3711 349 3766 iric
371 3726 405 3766 rx
425 3724 485 3765 asse
504 3710 638 3765 misceret.
661 3706 763 3764 Scitote
782 3707 856 3764 ineo
872 3722 920 3778 per
973 3708 1050 3764 uillas
1081 3709 1248 3778 hospitibus,
1280 3709 1375 3765 altaria
1398 3712 1468 3777 reis,
1492 3704 1614 3766 carceres
1636 3711 1759 3776 clericis;

133 3805 193 3862 dica
207 3804 330 3876 spiritum
343 3802 389 3859 diu
403 3801 563 3859 dissimulati
577 3800 676 3856 luroris
693 3783 792 3870 aperiri
807 3817 814 3854 :
828 3807 921 3870 aperto
975 3801 1113 3857 exsultans
1131 3800 1240 3867 Gotliia,
1262 3801 1390 3857 insultans
1404 3801 1542 3870 Romanis,
1558 3803 1672 3859 illudens
1691 3817 1761 3874 prte-

132 3894 244 3962 inridel,
258 3894 362 3964 abjecte
377 3893 461 3964 fingit,
478 3890 613 3948 serviliter
626 3890 747 3961 superbit
763 3907 770 3943 ι
784 3890 878 3947 indicit
892 3900 922 3946 ut
974 3893 1061 3960 luctis,
1076 3892 1268 3962 colludensque
1288 3894 1464 3961 numerariis;
1481 3903 1493 3932 θ
1508 3894 1580 3965 leges
1594 3893 1761 3951 Theodosia·

299 2659 421 2715 Sidonius
437 2666 450 2696 ⁸
464 2655 557 2712 Editio
569 2670 617 2710 atto
630 2652 748 2709 salutent.

167 4029 304 4085 ⁸Sororio
324 4041 372 4082 suo
387 4042 395 4078 ·.
413 4024 451 4080 sic
473 4024 544 4080 enim
560 4022 676 4094 appellat
691 4023 810 4079 carmine
824 4022 861 4080 20
873 4023 923 4080 Pa·
951 4025 1162 4082 .Tlteodosiano
1189 4025 1296 4092 ptuelira
1322 4034 1372 4081 est.
1404 4026 1535 4082 Ceterum
1562 4032 1684 4097 dtnrres,
1712 4041 1761 4085 seu

131 4100 249 4171 planitiae
269 4098 372 4153 scilicet
394 4096 484 4149 uxoris
504 4091 710 4162 tratremtlaitt
733 4096 801 4162 Aug.
818 4095 920 4149 lilium:
974 4097 1095 4161 lidurcs,
1122 4111 1218 4152 nomeu
1242 4097 1355 4165 primum
1382 4097 1430 4150 luit
1455 4096 1554 4168 populi,
1579 4112 1632 4152 non
1657 4098 1760 4166 oppidt.

132 4171 177 4240 qui
189 4171 302 4239 primum
315 4167 365 4221 sub
375 4165 518 4219 ntrttrernio
529 4178 620 4219 comcs
632 4170 659 4216 rt
671 4163 797 4231 magister
806 4164 921 4220 militum
974 4167 1068 4234 Oppidi
1083 4166 1154 4221 enim
1168 4165 1353 4221 Aturrensinm
1368 4182 1465 4223 narnien
1480 4168 1557 4223 Vicus
1571 4167 1668 4233 Julius,
1682 4166 1760 4238 cujus

131 4240 182 4296 luit
200 4240 227 4292 in
243 4237 337 4298 Gallia,
354 4234 449 4290 deinde
465 4233 592 4302 patricius
606 4241 763 4286 creatusest
780 4249 794 4287 a
810 4233 921 4303 Nepote.
974 4239 1075 4291 mentio
1098 4236 1166 4303 aprrd
1181 4235 1338 4305 Gregoriutn
1351 4236 1533 4292 Turonensetn
1558 4237 1604 4292 lib.
1617 4252 1654 4301 rx,
1667 4251 1699 4293 ca
1722 4277 1728 4292 .
1744 4238 1761 4291 7

130 4309 232 4363 lerum
245 4307 303 4373 eius
319 4318 415 4358 unomen
429 4303 569 4356 Ecdicius:
586 4315 639 4369 quo
655 4302 733 4354 modo
748 4302 776 4355 in
788 4303 881 4358 codice
896 4314 922 4358 ct
974 4318 1000 4361 ot
1013 4307 1058 4371 20,
1072 4315 1099 4358 et
1111 4306 1144 4361 do
1159 4305 1248 4360 Gloria
1262 4307 1447 4363 conlessorum
1468 4321 1527 4378 cap.
1539 4305 1584 4361 52.
1604 4253 1761 4374 Quarefflu·

131 4379 161 4433 in
176 4375 296 4447 epistolis
307 4373 416 4437 iuliani,
430 4372 542 4444 ἐκδικίῳ
555 4373 667 4444 ἐπάρχῳ
681 4373 819 4448 Αἰγύπτου.
836 4372 922 4428 Sicut
974 4377 1055 4430 sticus
1070 4376 1255 4445 Vicojttliensis
1278 4377 1428 4447 episcopus,
1444 4379 1489 4447 qui
1507 4376 1620 4433 concilio
1636 4376 1761 4432 llatisco·

132 4446 252 4503 Alcimus
271 4444 394 4498 Ecdicius
413 4443 553 4510 episcopus
571 4439 741 4495 viennensis.
764 4441 833 4508 Quin
848 4452 922 4498 recte
974 4447 1050 4499 nensi
1070 4460 1088 4498 n
1108 4444 1264 4508 subscribit,
1280 4448 1370 4516 episco
1390 4461 1421 4502 us
1434 4455 1476 4502 est
1488 4447 1632 4503 Adurensis
1650 4465 1656 4500 :
1676 4446 1760 4502 ide-⁴

153 4529 239 4585 noque
250 4514 373 4569 lirdicius
386 4513 428 4566 bic
443 4513 500 4582 ipse
514 4509 663 4581 appellatur
674 4519 702 4563 et
712 4510 839 4566 scribitur
851 4513 921 4582 apud
974 4530 1026 4584 que
1042 4515 1171 4584 judicium
1183 4518 1220 4569 tin
1239 4515 1298 4571 Vita
1312 4516 1342 4570 S·
1354 4463 1502 4580 lxtilibetti,
1516 4530 1576 4573 cum
1596 4532 1612 4572 a
1626 4515 1684 4571 Vici
1697 4516 1762 4573 lulii

132 4533 288 4655 gregorium
300 4583 483 4638 Turonenscm
495 4582 541 4636 lib.
553 4595 582 4645 n,
593 4593 653 4649 cap.
664 4578 709 4647 24,
721 4588 843 4635 truncata
856 4596 922 4638 uoce
973 4586 1075 4639 ciuibus
1089 4586 1222 4654 expetitus
1236 4585 1343 4641 dicitur.
1359 4587 1413 4642 Sed
1426 4593 1457 4641 ut
1468 4587 1495 4640 in
1506 4589 1598 4642 eadent
1610 4586 1763 4656 Novempo-

134 4657 231 4712 Decius
244 4653 313 4724 apud
324 4653 497 4708 lornandem.
974 4656 1090 4723 pulania,
1115 4671 1174 4726 quse
1192 4655 1286 4710 Cossio
1313 4655 1452 4711 lassatum
1474 4656 1538 4712 olim
1561 4665 1629 4721 erat,
1649 4655 1764 4713 Vasates

169 4725 284 4794 l’liutius
302 4724 394 4792 patriae
413 4725 495 4790 pestis
513 4721 588 4776 aolus
601 4721 720 4777 omnium
740 4721 861 4777 meminit
876 4722 920 4778 Si·
974 4735 1065 4793 postca
1085 4726 1219 4794 degentis
1240 4726 1348 4781 nomine
1370 4734 1519 4795 nuncupata
1542 4736 1583 4782 est
1601 4743 1608 4780 ι
1627 4726 1667 4781 sic
1679 4725 1764 4781 Vicus

110 4858 116 4867 ¹
133 4794 231 4852 dontius
242 4811 250 4849 ε
263 4809 296 4851 ει
308 4808 362 4865 quo
376 4805 463 4848 tamen
479 4807 533 4846 non
544 4791 619 4846 iacilc
632 4790 816 4863 deprehendas
829 4808 922 4863 quem·
974 4795 1060 4850 Julius
1081 4799 1201 4850 bturres.
1226 4794 1308 4850 Erant
1329 4803 1416 4850 autent
1439 4800 1547 4851 nturres
1566 4797 1616 4851 boc
1640 4804 1765 4865 tempore

133 4880 195 4922 nam
206 4864 320 4936 pesserit
332 4864 524 4933 magistratum.
538 4861 655 4917 Publicis
667 4864 771 4917 tributis
784 4864 923 4931 praefuisse
937 4836 1035 4919 1'carm
1058 4873 1111 4919 tota
1134 4875 1225 4920 cetere
1238 4866 1379 4935 Aquitania
1399 4867 1426 4921 in
1449 4875 1580 4935 potestate
1599 4875 1626 4922 et
1650 4867 1765 4936 imperio

134 4945 252 5002 constat,
272 4937 358 5004 iisque
377 4933 524 4989 indicendis
544 4931 586 4987 rel
606 4931 744 5001 exigendis
765 4933 791 4987 in
812 4933 921 5003 provin-
977 4934 1136 4990 Gotborum.
1152 4935 1241 5005 ltaque
1256 4950 1270 4988 a
1285 4935 1379 4991 Gotltis
1395 4936 1497 4991 redibat
1510 4935 1666 4992 Seronatus.

133 5006 242 5061 cialium
255 5004 356 5060 viscera
367 5005 485 5058 saevisse.
501 5002 559 5070 Quo
573 5003 679 5057 nominc
694 5003 805 5072 aliisque
819 5003 922 5059 delatus
1011 5005 1233 5061 rl'tteouosianao
1262 5004 1334 5073 lcqes
1357 5015 1420 5061 sunt
1441 5004 1569 5061 Romame
1592 5005 1709 5060 redactae
1737 5006 1766 5062 in

134 5075 316 5141 abbrrernis,
333 5075 425 5129 lionam
440 5073 545 5129 tandem
561 5073 655 5143 capitis
670 5071 812 5127 damnatus
825 5083 876 5133 cst.
893 5082 922 5127 ut
974 5076 1093 5130 codicem
1106 5074 1332 5140 theodosianam,
1347 5078 1462 5143 quitum
1477 5076 1582 5144 uigebat
1595 5093 1602 5127 t
1615 5075 1767 5130 Theodori·

134 5145 229 5199 scribit
239 5143 283 5198 lib.
298 5160 343 5214 ιιι,
358 5145 436 5215 epist.
453 5144 480 5197 t.
494 5142 663 5198 Contrarium
679 5144 809 5198 Seronato
824 5149 919 5198 notircti
972 5147 1057 5200 clun-e
1077 5145 1212 5209 Gothicae,
1241 5145 1450 5201 a‘llrcodoricis
1472 5146 1578 5215 regibus
1601 5144 1765 5202 Gotlrorntn.

134 5223 178 5270 est
191 5214 329 5269 citonatus
343 5215 411 5282 apud
427 5214 583 5282 Grcporium
599 5211 730 5281 liapnurn.
972 5218 1127 5285 Quanquam
1153 5215 1224 5270 enim
1247 5215 1384 5270 Anthemii
1414 5216 1592 5284 temporibus,
1617 5229 1678 5270 cum
1706 5215 1768 5271 uico

112 5342 115 5351 ,
173 5294 186 5325 ⁶
203 5287 230 5337 ln
245 5283 377 5353 aliquibus
392 5284 476 5349 libris,
491 5284 560 5351 quio.
972 5287 1103 5340 scriberet
1115 5284 1252 5350 Sidonius,
1265 5284 1361 5340 Gothis
1381 5286 1407 5338 in
1421 5286 1506 5340 Gallia
1526 5285 1632 5355 praeiuit
1647 5284 1767 5340 liutricus

115 5396 118 5409 ,
173 5353 187 5393 ⁶
276 5354 358 5408 liccte
377 5368 411 5409 ει
431 5352 620 5422 mantiscriptis
636 5352 702 5407 lianc
721 5352 861 5408 lectionem
877 5367 920 5407 as·
971 5355 1130 5410 'llteodorici
1152 5353 1241 5409 fratris
1258 5368 1408 5419 successor,
1427 5355 1653 5410 Theudoricianas
1672 5362 1768 5413 tamen

137 5431 223 5482 seruit
252 5421 920 5492 oannesSauaroll.Cenosenimlugcratemen·
971 5425 1062 5479 dicere
1082 5424 1174 5479 maluit
1191 5424 1225 5478 ob
1245 5426 1459 5493 paronomasiam
1477 5428 1541 5480 cum
1554 5423 1767 5481 Theodosianis.

138 5496 221 5552 datio.
241 5495 310 5550 Sunt
326 5503 430 5557 autem,
448 5503 478 5546 ut
494 5493 564 5548 idem
580 5494 682 5557 docuit,
697 5494 806 5547 Aturres
826 5494 853 5548 in
867 5494 920 5548 No·
972 5495 1010 5549 dx
1026 5494 1067 5548 lais
1081 5508 1161 5561 porro
1176 5493 1331 5563 conjectura
1349 5505 1401 5559 est,
1424 5510 1484 5550 cura
1498 5495 1611 5549 Euticua
1624 5493 1652 5548 in
1665 5493 1769 5551 isidori

137 5565 305 5636 vertipopulls
323 5564 357 5620 ad
370 5568 494 5619 Aturrum
516 5564 625 5618 lluvittm
644 5563 688 5630 qui
701 5563 805 5617 ddurcs
827 5575 919 5633 postea
971 5563 1104 5619 Cltronico
1125 5564 1213 5633 legum
1239 5562 1358 5617 instituta
1381 5565 1475 5620 Gothis
1498 5565 1600 5634 primus
1620 5563 1770 5621 tradidisse

137 5636 190 5691 dici
207 5645 345 5705 coeperunt
360 5650 367 5688 ι
383 5648 436 5704 quo
457 5635 536 5689 etiam
559 5632 638 5687 modo
653 5629 751 5686 dduris
773 5632 869 5703 legitur
891 5636 918 5688 in
972 5634 1080 5696 dicitur,
1102 5647 1155 5687 non
1175 5632 1214 5687 sic
1227 5647 1287 5689 esse
1307 5633 1504 5702 accipiendum,
1518 5636 1593 5704 quasi
1608 5642 1672 5688 aute
1686 5634 1771 5688 Euri·

138 5706 227 5795 perbis
241 5705 337 5764 ltniaoi
355 5713 416 5800 post
430 5703 614 5764 auctoritatem
629 5700 739 5772 Alarici,
755 5716 814 5775 quc
833 5703 918 5761 codici
971 5718 1033 5764 cum
1051 5703 1125 5787 leqcs
1137 5701 1258 5779 Gothicae
1277 5703 1358 5764 nulle
1376 5703 1475 5761 luerint
1495 5721 1502 5758 ι
1523 5704 1571 5760 sed
1586 5702 1658 5776 quod
1669 5716 1772 5787 aarum
