3810 6254
52 955 58 984 i

98 299 138 378 'tt

747 314 996 409 ¹teetsrotttuntt
1015 320 1079 381 nto.
1098 322 1119 379 t.
1141 400 1144 406 Ι

1709 334 1802 403 te.

100 431 189 498 robis,
208 431 328 491 dominis
347 434 425 501 meis,
445 435 468 491 si
487 433 643 506 displiceret
664 435 757 503 adsto,
779 436 898 506 placeret
911 438 939 501 Α
951 438 1047 510 cymba
1059 437 1176 494 instabili
1190 439 1373 511 fluctuantem,
1386 442 1463 515 quati
1474 443 1530 515 'latu
1543 443 1578 503 de
1591 446 1741 505 sublimiori

67 594 72 614 ό
101 525 209 582 allectat.
229 525 296 582 Cum
317 527 506 583 intellexeritis
524 542 583 582 eam
604 543 657 582 non
672 542 720 598 pru
736 528 896 596 eloquentie

101 617 206 689 lepore,
226 619 274 675 sed
299 633 348 690 pro
363 629 453 675 restro
466 635 560 676 amore
579 622 734 690 eopiosam;
751 620 895 691 simulque,

96 710 163 783 qaia
181 710 301 768 sciebam
315 713 506 768 sublimitatem
520 721 637 769 vestram
654 713 680 767 in
696 712 789 766 amicis
800 712 897 767 vestris

91 805 161 876 -pitts
180 804 381 876 reprehendere
395 805 585 860 taciturnitatis
600 805 800 874 verecundiam,
817 820 896 878 quam

100 900 242 970 loquacem
258 898 450 955 lamiliaritatis
465 899 615 953 audaciam.

403 1036 512 1095 celsi.
537 1037 593 1094 llll.

238 1128 350 1184 llomino
365 1130 473 1198 pectoris
488 1131 528 1184 aui
541 1128 615 1185 Celso
631 1129 759 1186 Ruricius.

135 1219 254 1292 'l'repido
276 1220 303 1276 in
322 1220 486 1290 preconium
506 1232 624 1277 vestrum
645 1238 675 1278 os
696 1223 803 1294 elingue
826 1239 898 1281 rese·

99 1327 172 1379 rare,
184 1311 227 1369 cui
241 1312 298 1368 scio
306 1311 368 1382 jure
378 1312 459 1368 ctiam
474 1311 578 1383 ingenia
592 1314 694 1384 majora
709 1317 895 1373 succumbere.

98 1403 169 1472 Quid
183 1402 254 1459 enim
270 1404 385 1476 primum
400 1403 434 1460 de
446 1403 596 1462 allectionis
610 1415 655 1460 aut
668 1406 832 1477 dignationis
852 1425 897 1465 ve-

97 1507 164 1555 stra
183 1497 263 1554 laude
282 1499 514 1556 commemorem?
535 1498 580 1569 qui
603 1515 696 1556 omnes
722 1501 788 1556 mibi
815 1502 895 1570 ruris,

98 1599 113 1628 ⁸
129 1591 224 1654 moris.
251 1598 289 1659 et,
309 1590 379 1661 quod
400 1591 442 1646 bis
457 1590 581 1646 omnibus
595 1579 689 1662 ‘majus
707 1602 759 1659 est,
776 1593 896 1648 caritatis

98 1684 212 1741 delicias
226 1684 390 1753 contulistis,
406 1678 552 1753 aut‘certe,
569 1686 591 1741 si
607 1686 670 1756 quid
686 1687 782 1741 borum
799 1686 894 1753 deluit,

97 1776 282 1847 deputandum
306 1777 432 1848 tempori,
456 1793 509 1834 non
533 1778 610 1833 uobis
631 1788 673 1833 ost
695 1777 919 1849 imputandum.‘

97 1868 167 1933 iiam
189 1877 275 1925 totum
288 1869 358 1940 apud
374 1885 432 1936 vos,
449 1870 519 1940 quod
533 1884 625 1926 carum
640 1882 748 1940 peetus,
762 1871 833 1942 quod
848 1872 896 1928 lta-

96 1958 156 2017 buit
168 1959 269 2017 clarum
283 1960 409 2027 muttdus,
426 1961 525 2018 inveni.
537 1960 616 2018 Nulla
628 1978 671 2018 me
684 1964 790 2033 penitus
800 1963 895 2034 jocun-

97 2051 182 2108 ditate
200 2051 361 2119 fraudastis3
383 2052 546 2124 quinetiam
567 2053 746 2112 desiderabile
760 2056 825 2112 milri
847 2056 895 2113 lto·

96 2143 199 2214 spitioli
219 2143 273 2199 mei
294 2143 431 2201 desertum
456 2155 544 2200 vestra
571 2145 709 2202 vicinitate
729 2146 839 2203 lecistis.
863 2149 896 2204 lit

95 2234 200 2292 idcirco
222 2251 265 2292 me
285 2238 369 2308 magis
392 2237 535 2293 finitimum
551 2239 626 2296 vobis
640 2255 702 2296 esse
720 2240 893 2311 cotugaudeo,

949 528 1057 598 specula
1071 529 1113 584 tel
1128 529 1300 586 eminentiori
1320 534 1389 589 colle
1407 535 1539 605 respicitis
1546 537 1564 607 i¹
1575 537 1668 608 Egone
1683 555 1739 608 vos,

949 622 993 692 qul
1009 622 1042 677 ad
1057 631 1164 692 portum
1178 625 1264 680 veniae
1285 641 1332 696 per
1347 629 1514 696 poenitentiae
1536 631 1741 704 indulgentiam,

949 713 1064 771 Domino
1085 716 1313 786 gubernatore?b
1335 719 1393 775 Non
1408 735 1458 792 ego
1472 724 1589 792 penitus,
1606 727 1689 782 irater
1703 728 1744 784 tli-

950 810 1031 878 lecto,
1046 810 1085 866 sic
1099 811 1205 881 scripsi,
1221 812 1328 869 utmibi
1344 813 1443 884 aliquid
1457 815 1608 886 blandiens,
1628 834 1678 875 vos
1692 820 1744 875 im·

948 900 1036 970 probo
1057 899 1138 957 dente
1160 902 1324 973 morderem,
1342 919 1392 961 nec
1414 912 1443 961 ut
1463 920 1511 962 ros
1527 907 1670 977 laederem3
1694 912 1743 969 sed

950 993 1016 1048 mibi
1040 994 1161 1064 epistole
1180 995 1360 1054 lentiliaritate
1380 999 1519 1056 vincirem.
1545 1001 1611 1058 liam
1633 1005 1743 1063 sibene

949 1085 1137 1155 consideretis,
1155 1095 1279 1144 votorum
1301 1100 1363 1147 sunt
1379 1092 1422 1147 illa
1438 1095 1529 1165 rerba,
1543 1111 1598 1153 uon
1614 1108 1741 1168 actttnm;

949 1187 977 1233 et
987 1181 1105 1248 optantis
1116 1182 1204 1250 potius
1216 1196 1295 1252 quam
1308 1186 1525 1254 monentisouia
1537 1205 1592 1246 non
1605 1192 1669 1261 quid
1682 1208 1742 1264 age-

949 1282 1052 1336 remus,
1069 1271 1116 1325 sed
1135 1273 1252 1341 qualiter
1265 1274 1361 1331 uellem
1385 1286 1413 1332 ut
1428 1277 1593 1347 viveremus,
1619 1285 1740 1353 exposui.

949 1358 1083 1415 Caeterum
1098 1362 1121 1417 sl
1136 1371 1212 1418 actus
1225 1364 1287 1420 ritae
1301 1380 1369 1420 meae
1384 1370 1529 1436 praeteritae
1549 1373 1741 1441 praesentisque

950 1449 1090 1518 discutias,
1112 1454 1223 1523 pudebit
1241 1464 1279 1523 te,
1303 1457 1397 1513 intimo
1415 1467 1444 1514 et
1464 1461 1647 1517 secretissimo
1662 1461 1743 1519 iratro

951 1549 1030 1609 teste,
1044 1543 1127 1612 lerre,
1143 1560 1205 1617 quaa
1217 1561 1270 1602 non
1287 1549 1381 1617 puduit
1395 1550 1449 1606 [teo
1463 1559 1530 1607 teste
1546 1561 1556 1591 ι
1572 1556 1742 1625 promittere,

950 1650 999 1705 pro
1008 1637 1105 1706 quibus
1119 1638 1284 1696 iecinoribus
1297 1645 1367 1699 meis
1377 1659 1457 1714 spero
1469 1662 1518 1702 vos
1532 1650 1620 1717 potius
1631 1649 1742 1704 Domino

949 1729 1116 1799 supplicetis,
1139 1740 1168 1785 ut
1188 1747 1256 1802 quos
1277 1733 1304 1788 in
1328 1736 1378 1792 boc
1398 1738 1498 1793 saeculo
1519 1741 1696 1796 amicitiarum
1714 1753 1743 1798 et

909 1821 1156 1891 Bpropinquitatis
1170 1825 1253 1881 voluit
1268 1842 1330 1884 esse
1342 1840 1492 1897 consortes,
1516 1833 1542 1886 in
1556 1833 1643 1890 loturo
1659 1835 1742 1889 bono·

949 1929 1008 1971 rum
1019 1915 1114 1984 iubeat
1127 1932 1188 1975 esse
1203 1922 1359 1991 participes.

1251 2053 1357 2116 aelst.
1376 2057 1444 2112 xlv.

1091 2143 1204 2199 Domino
1222 2147 1331 2215 pectoris
1345 2150 1385 2201 sui
1397 2148 1470 2203 Celso
1483 2149 1614 2207 Ruricius.

986 2233 1088 2303 Equum
1111 2235 1217 2306 qualem
1238 2237 1357 2305 iusseras
1381 2239 1522 2305 destinavi,
1540 2243 1744 2301 mansuetudine

95 2326 230 2401 quianon
247 2342 281 2384 ex
296 2337 353 2385 toto
365 2330 452 2385 malus
467 2340 518 2397 est,
539 2333 584 2404 qni
599 2332 676 2388 bonis
687 2332 817 2403 iungitur.
840 2333 894 2388 Sed
945 2316 1093 2395 placidum,
1107 2328 1235 2383 membris
1251 2328 1379 2399 validum,
1397 2330 1503 2386 llrmum
1524 2335 1631 2399 robore,
1656 2337 1743 2393 lorma

94 2437 134 2478 ne
149 2418 273 2478 exhibeat
286 2422 363 2478 vobis
379 2423 437 2494 ipsa
458 2423 557 2495 ineptia
573 2427 614 2480 sui
631 2426 736 2494 longior
751 2442 842 2483 serino
857 2427 896 2481 la·
948 2426 1133 2486 praestantem,
1148 2418 1160 2457 ‘¹
1176 2419 1277 2474 lactura
1290 2423 1479 2491 compositum,
1500 2426 1596 2479 animis
1611 2434 1743 2496 tempera·

94 2514 226 2583 stidium,
240 2515 313 2570 salte
327 2515 509 2585 largissimum
524 2516 601 2583 dico;
619 2527 647 2573 et
661 2517 810 2581 vitrarium,
826 2520 895 2574 sieut
948 2519 1014 2578 illm.
1026 2527 1282 2583 ssecpiaellffllleiunt
1294 2515 1397 2571 scilice!
1407 2518 1741 2592 Vflf⁰('5l²t0‚1¹ecpittt¹m=

92 2595 228 2678 iussistis}
244 2623 288 2664 me
302 2606 453 2665 destinasse
467 2608 611 2680 significo:
627 2609 702 2679 ctujus
714 2625 782 2680 opus
795 2611 893 2677 nitore,
947 2603 989 2657 etti
1006 2603 1096 2658 irenns
1113 2615 1139 2659 et
1150 2604 1272 2661 stimulus
1286 2607 1321 2661 sit
1340 2608 1459 2665 sedentis
1472 2611 1622 2679 arbitrium,
1646 2615 1686 2669 eui
1707 2614 1742 2672 ad
1767 2620 1771 2628 '

94 2711 152 2752 non
166 2698 426 2769 lragilitateoportet
437 2699 605 2768 imitetur,ut
618 2700 804 2772 dilectioque
817 2703 894 2759 uobis
947 2695 1114 2751 evehendum
1131 2713 1209 2766 ⁰⁰⁰8,
1226 2700 1326 2755 divelle
1347 2713 1471 2772 suilllssffll
1491 2712 1518 2759 0²
1533 2720 1633 2775 il0⁵⁵ei
1656 2708 1692 2763 lit
1713 2719 1742 2766 ut

94 2792 285 2863 aparentibus
299 2794 403 2863 relicta,
417 2796 548 2866 magistro
567 2795 675 2862 tradita,
692 2798 754 2851 vitae
773 2813 894 2852 commu·
947 2803 997 2843 ¹³0⁰
1010 2790 1085 2844 ⁰00³!
1103 2794 1348 2860 ⁵¹¹l¹0fll0851⁰issess
1370 2794 1486 2864 d⁰l⁰¹¹³¹
1510 2798 1675 2868 iffil1⁰⁵¹¹¹¹¹¹b
1695 2801 1742 2858 Ηῑῦ

93 2885 191 2953 trione,
208 2885 311 2940 lirmata
327 2894 368 2942 est
383 2885 518 2954 secundis,
533 2886 659 2942 elimetur
674 2887 805 2953 adi-ersis,
822 2889 892 2943 quiin
944 2883 1046 2951 ltaque,
1061 2883 1129 2937 sirttt
1143 2886 1261 2951 oportuit
1271 2884 1409 2952 intimatis,
1430 2889 1588 2944 salutatione
1611 2892 1740 2964 prelata,

94 2977 207 3047 penitus
219 2977 355 3032 turbinum
372 2977 490 3048 procella
506 2978 653 3048 frangatur.
671 2979 736 3034 Nam
752 2982 821 3036 siettt
835 2981 892 3036 artri
915 2988 928 3005 ‘
946 2973 1142 3041 l³⁰¹¹iciit¹iutte
1158 2975 1293 3046 dispensa,
1311 2978 1442 3046 promissa
1464 2979 1643 3050 deposcimus.
1659 2991 1688 3039 nt
1708 2986 1741 3041 ad

93 3079 180 3141 ,ique
190 3071 292 3140 argenti
307 3071 424 3141 pretiosa
438 3071 593 3140 sincerique,
603 3074 625 3126 gi
641 3076 770 3139 gergani
780 3075 889 3144 plumbi,
946 3065 1145 3123 solemnitatem
1164 3082 1318 3126 sanctoruni
1333 3072 1366 3126 ad
1383 3088 1443 3142 nos,
1469 3075 1521 3130 lteo
1544 3076 1669 3146 propitio,
1686 3094 1741 3134 una

92 3160 301 3232 rel-cujuslibet
315 3162 428 3218 alterius
443 3163 564 3219 materie
580 3164 681 3220 vilioris
696 3164 775 3220 luerit
789 3165 893 3220 admix-
946 3173 1005 3215 cunt
1022 3174 1116 3217 sutore
1140 3163 1231 3219 venite
1253 3164 1421 3235 dignemini,
1449 3167 1579 3224 bonorem
1609 3171 1741 3242 patronis,
1831 3204 1838 3212 ·

92 3257 175 3309 tiotte
188 3262 321 3323 corrupta,
344 3253 397 3309 nisi
418 3254 519 3325 ignium
540 3257 740 3311 examinatione
755 3268 892 3328 purgatur,

91 3344 329 3416 neesplendorem
339 3345 490 3402 naturalem
498 3347 599 3417 poterit
608 3348 717 3413 babere,
728 3363 777 3404 uec
786 3364 891 3405 sonum.

91 3436 164 3495 Nam
186 3451 236 3493 nec
249 3437 317 3494 risui
332 3439 495 3505 claritatem,
512 3453 562 3494 nec
578 3439 701 3494 tinnitum
718 3440 805 3496 reddit
818 3441 893 3509 antdi-

93 3533 150 3601 tui,
165 3530 304 3602 magisque
318 3546 428 3588 raucum
444 3542 565 3604 resonat,
582 3534 604 3587 si
616 3531 740 3602 leriatur,
756 3544 783 3590 et
795 3534 894 3598 stridu·
936 3568 939 3576 -

92 3626 165 3684 lum.
181 3623 256 3682 lianc
270 3639 333 3697 ergo
347 3626 522 3694 sententiam,
536 3640 589 3680 non
605 3640 704 3693 meant,
716 3626 762 3681 scd
775 3626 892 3697 Domini,

90 3718 181 3777 inter
200 3717 313 3788 optime,
333 3724 491 3774 contuentes
510 3717 613 3787 pariter
632 3724 660 3771 et
677 3725 833 3787 sequentes,
858 3719 894 3773 ita

91 3813 181 3871 sitam
196 3821 317 3870 nostram
338 3811 430 3867 medio
452 3826 545 3878 cursu,
567 3809 745 3881 gubernatore
760 3811 818 3882 ipso
840 3810 893 3866 Do-

91 3905 187 3974 mino,
205 3911 398 3974 temperemus,
416 3911 445 3959 ut
464 3917 525 3957 cum
540 3902 672 3958 serenitas
688 3902 816 3968 arrideat,
833 3917 895 3971 pru·

91 3997 204 4070 aperior
225 3997 304 4054 llatus
328 3997 443 4060 invitet.
468 4009 542 4051 marc
564 3994 697 4066 placidum
721 3992 891 4058 blandiatur;

92 4093 216 4149 scientes
235 4099 325 4145 tamen
346 4088 421 4144 lllam
437 4088 554 4159 equoris
575 4086 689 4157 subiecti
705 4084 844 4156 planitiem
859 4083 894 4140 ad

12 4246 18 4255 ,
93 4185 183 4242 instar
196 4182 328 4237 montium
343 4188 456 4251 repente
469 4194 652 4251 consurgere;
669 4193 756 4249 neque
770 4178 797 4233 iu
810 4179 893 4232 altum

93 4291 195 4335 uatem
208 4282 328 4331 nostram
343 4273 477 4345 patiamur
488 4272 608 4344 impelli;
621 4271 666 4328 ubi
688 4285 748 4328 eam
767 4279 812 4325 aut
826 4278 894 4325 tem·

94 4379 189 4443 pestas
202 4368 301 4437 solvat,
317 4375 364 4422 aut
378 4365 447 4422 ouda
460 4366 608 4437 demergat.

394 4499 501 4556 ttvtst.
523 4499 593 4554 lllll.

234 4593 348 4649 mittiue
362 4594 473 4663 pectoris
485 4594 526 4648 rui
539 4590 614 4648 Celso
627 4591 757 4647 Ruricius.

131 4686 234 4757 lteeepl
252 4684 345 4750 apices
362 4684 548 4755 germanitatis
560 4693 622 4751 tuae,
641 4684 686 4754 qui
702 4682 766 4738 milti
779 4698 833 4738 non
847 4697 895 4754 pa·

92 4799 158 4843 rcrn
174 4782 294 4854 scrupuli
309 4782 471 4838 retulerunt.
498 4782 599 4837 l'ercor
618 4783 690 4838 enim
712 4797 747 4837 ne
763 4796 841 4838 secas
860 4782 895 4839 de

93 4875 197 4931 litteris
210 4874 280 4929 meis
292 4887 373 4946 quam
387 4888 402 4928 a
422 4888 466 4929 me
479 4873 570 4928 misse
584 4882 647 4928 sunt
662 4875 831 4931 censueritis.
860 4875 894 4930 Et

94 4970 202 5026 idcirco
220 4969 296 5040 qnasi
312 4968 461 5024 temerarie
475 4967 692 5038 presumptionis
707 4983 840 5024 memores
853 4968 893 5024 vi-

93 5061 228 5129 deamini,
242 5059 305 5115 dum
318 5067 349 5115 ut
362 5074 411 5130 pro
424 5059 499 5114 robis
513 5074 599 5127 mem,
617 5073 648 5113 ac
661 5060 760 5131 saepius
774 5072 893 5117 comato-¹

92 5169 190 5222 mm,
200 5153 354 5225 postulatis.
366 5152 471 5223 Egone,
480 5152 562 5209 irater
575 5153 688 5223 optime,
701 5153 834 5224 castigare
844 5169 892 5211 vos

90 5245 276 5316 adduamqui
290 5261 335 5302 me
345 5261 450 5317 nequeo
461 5247 611 5318 castigaret
623 5247 715 5317 Egone
727 5262 784 5316 vos,
793 5248 837 5320 qui
848 5264 891 5306 me

90 5338 190 5399 nertii
203 5338 292 5394 adbuc
301 5339 329 5394 in
343 5339 495 5395 turbinibus
507 5348 633 5410 tanquam
648 5340 673 5395 in
688 5341 770 5395 maris
781 5341 889 5396 aestibus

130 5559 143 5588 ·
165 5547 250 5604 Forte
264 5547 326 5600 oris.

128 5619 144 5664 b
164 5619 251 5674 deest
264 5616 386 5671 verbum.

130 5703 143 5731 ⁸
167 5688 252 5744 Forte
266 5690 430 5742 committere.

127 5759 143 5801 Ι
165 5759 251 5816 Forte
267 5755 392 5812 fertura.

133 5840 148 5876 ⁰
172 5829 203 5889 ia
218 5828 271 5887 luit
292 5829 456 5887 amiatensis
480 5829 632 5903 episcopus.
662 5826 733 5884 Lites
760 5825 894 5900 quasdam

948 3251 1076 3309 iratribus
1089 3253 1223 3323 ellectum,
1240 3259 1353 3327 gratiam
1371 3260 1476 3329 populis
1489 3261 1645 3330 praestituri.

1249 3394 1358 3451 ertst.
1384 3394 1430 3450 XV

983 3508 1096 3563 domino
1114 3525 1170 3575 suo,
1182 3510 1304 3579 peculiari
1315 3510 1341 3562 in
1355 3508 1455 3562 Christo
1466 3508 1570 3563 domiuo
1584 3517 1707 3578 perona,

1152 3592 1163 3618 ι
1182 3579 1264 3634 Eortio
1275 3581 1394 3649 episcopo
1405 3579 1535 3634 Ruricius.

983 3673 1081 3743 Agnito
1109 3676 1221 3728 transitu
1243 3680 1347 3740 saneto,
1375 3681 1403 3726 et
1426 3671 1588 3727 venerabilis
1610 3671 1679 3742 apud
1695 3685 1739 3729 me

947 3765 1144 3821 recordatiouis
1158 3765 1260 3819 domiui
1275 3764 1325 3818 mei
1339 3763 1491 3818 decessoris
1513 3764 1596 3818 vestri
1617 3761 1740 3830 Leontii,

947 3856 1038 3909 onium
1063 3864 1091 3911 et
1116 3864 1205 3910 mento
1220 3852 1347 3910 confusus
1367 3855 1412 3908 diu
1433 3855 1601 3924 multumque
1619 3855 1742 3911 tristatus

947 3962 1005 4001 snm
1016 3948 1085 4016 quod
1099 3956 1125 4002 et
1141 3946 1346 4015 impedientibus
1362 3945 1477 4015 peccatis
1491 3945 1569 4011 meis,
1585 3955 1658 4001 tanto
1668 3946 1742 4001 anti-

947 4039 1003 4094 stiti
1016 4054 1160 4095 occurrere
1175 4055 1229 4093 uon
1241 4052 1403 4103 ttrettteram,
1420 4046 1448 4092 et
1468 4036 1512 4092 tali
1524 4052 1611 4094 essem
1631 4048 1742 4108 parente

946 4133 1075 4203 privatus.
1092 4131 1173 4200 Cujus
1188 4131 1239 4187 etsi
1254 4128 1395 4188 exterioris
1418 4129 1535 4184 hominis
1554 4143 1607 4184 non
1635 4128 1742 4185 fruebar

947 4235 1067 4297 aspectu,
1079 4225 1212 4281 interioris
1221 4233 1310 4279 tamen
1323 4221 1409 4293 gratia
1422 4220 1588 4290 delectabar,
1600 4228 1628 4278 et
1642 4223 1742 4278 mentis

947 4325 1005 4377 acie
1017 4321 1115 4392 jugiter
1134 4317 1320 4382 adhaerebam
1347 4330 1395 4385 per
1415 4329 1494 4386 quem
1517 4323 1545 4370 et
1568 4313 1595 4369 in
1608 4328 1661 4384 quo
1675 4315 1742 4370 milti

948 4428 1066 4483 praescus
1079 4410 1310 4483 quodammodoet
1322 4407 1481 4464 cernebatur
1495 4406 1600 4472 obtutu,
1614 4414 1642 4462 et
1655 4407 1742 4463 studie-

947 4511 1026 4564 batur
1049 4507 1154 4572 allecto,
1180 4515 1207 4562 et
1232 4505 1392 4575 palpabatur
1412 4510 1528 4567 attactu,
1551 4511 1579 4557 et
1602 4501 1742 4558 tenebatur

907 4594 1084 4675 Darnplexu.
1099 4600 1238 4672 Siquidem
1249 4597 1305 4655 cari
1328 4597 1404 4652 nullo
1416 4611 1447 4652 se
1463 4596 1558 4652 melius
1584 4594 1644 4651 loco
1661 4611 1740 4666 quam

947 4698 974 4752 in
994 4695 1084 4760 eorde,
1101 4692 1220 4748 caritatis
1244 4690 1327 4760 ipsius
1341 4688 1416 4754 sede,
1433 4683 1610 4757 conspiciunt.
1629 4686 1703 4742 Unde
1715 4694 1743 4741 et

947 4788 1061 4857 amplius
1072 4783 1260 4841 desiderabam
1278 4781 1363 4835 oculis
1376 4779 1467 4834 videre
1480 4777 1644 4847 carnalibus,
1660 4793 1740 4848 quern

948 4883 984 4936 ita
1000 4878 1164 4950 spiritalibus
1177 4874 1309 4930 intuebar.
1325 4871 1378 4928 Sed
1390 4871 1475 4927 dolori
1496 4884 1557 4925 meo
1579 4871 1743 4926 consolatio·

948 4988 1010 5030 nem
1026 4987 1058 5028 ea
1072 4987 1130 5041 que
1143 4972 1217 5040 prius
1228 4967 1389 5034 tribuerant,
1406 4964 1532 5021 solatium
1550 4961 1635 5032 ipsius
1647 4963 1741 5017 merita

947 5066 1087 5122 dederunt.
1112 5060 1178 5129 Quia
1195 5058 1301 5114 cottbdo
1322 5056 1393 5129 quod
1411 5070 1490 5127 quem
1512 5062 1622 5122 paterna
1645 5053 1743 5121 pietate

946 5160 1050 5224 dilexit,
1072 5166 1098 5213 et
1114 5155 1206 5212 sedula
1230 5151 1425 5211 intercessione
1438 5148 1583 5205 custodiat.
1606 5147 1659 5204 Sed
1686 5149 1743 5202 liae

946 5250 1082 5308 sartotitati
1102 5257 1200 5304 uestrae
1224 5245 1299 5316 quasi
1322 5241 1461 5300 uobiscum
1480 5241 1646 5312 colloquens,
1662 5248 1742 5308 atque

944 5357 959 5395 a
974 5342 1049 5395 vobis
1061 5338 1186 5394 mteroris
1201 5337 1285 5407 ipsius
1298 5334 1420 5391 levamen
1444 5333 1596 5405 requirens,
1620 5331 1740 5387 dictante

947 5557 1007 5597 oum
1020 5539 1121 5594 llilario
1136 5538 1233 5593 leonis
1255 5550 1412 5592 successore
1424 5533 1526 5598 babuit,
1539 5532 1601 5587 dein
1620 5546 1634 5585 a
1648 5531 1739 5600 ponti·

948 5614 997 5667 lice
1012 5611 1132 5666 llomano
1142 5622 1269 5664 concessa
1280 5616 1343 5663 sunt
1357 5606 1393 5661 illi
1405 5605 1546 5661 vicariatus
1557 5605 1628 5683 jura,
1643 5600 1739 5681 quibus

949 5685 1034 5739 inscio
1046 5680 1171 5751 pontillee
1185 5681 1222 5735 uti
1234 5687 1392 5735 tentaverat.
1411 5676 1504 5733 troilo
1514 5676 1625 5729 Leontio
1639 5685 1738 5742 septus

951 5755 1074 5809 littricius
1090 5753 1106 5806 Ι.
1126 5767 1153 5820 ιι,
1170 5766 1213 5821 ep.
1229 5750 1274 5818 eo,
1291 5761 1370 5820 step.
1388 5749 1431 5812 tt,
1446 5746 1490 5801 ld.
1507 5745 1586 5798 Basa.
