3810 6254
143 341 193 400 aas
570 331 740 392 annuunt
763 328 806 387 an
825 284 1007 385 aturensis
1022 324 1199 382 ufarassu.
1720 327 1773 384 sn

144 452 241 522 pprtati
267 459 384 519 ruerant,
413 448 549 504 caritatem
576 446 696 516 pluribus
720 444 810 501 laudat
836 443 929 498 Victor
942 441 968 504 Α
983 450 1088 512 portura
1101 456 1199 512 queque
1214 438 1304 496 caruit.
1320 437 1383 493 Part
1396 437 1464 495 bunc
1479 437 1588 496 ιιοοιοιι
1603 440 1699 496 ruitum
1711 459 1773 499 ean·

145 534 235 578 niuster
257 524 323 578 libro
343 519 465 581 faurdatn,
487 533 560 572 num.
582 519 609 573 8.
628 517 692 586 Ejus
716 511 926 585 inaugurationis
982 513 1066 583 festina
1080 520 1166 566 ucula
1180 520 1216 565 ert
1230 509 1317 565 multis
1331 509 1410 578 dique
1422 510 1543 583 lacrymis
1560 511 1677 567 tteuaua
1690 516 1772 580 eapti·

145 593 214 648 diem
227 603 378 654 ctaunum,
400 590 454 643 into
472 598 500 643 et
514 589 600 656 ipsum
616 588 702 642 locum
717 587 820 641 notauit
834 594 928 641 auctor
979 584 1059 647 nitar,
1084 591 1109 637 et
1133 581 1225 636 Urbem
1253 581 1322 634 omni
1348 582 1467 651 prasidio
1491 598 1597 637 caenam
1619 581 1772 639 Genaeriern

145 663 284 725 chronici,
298 660 367 727 aad
381 674 414 714 ea
429 674 479 713 nas.
495 659 587 713 codice
600 662 753 728 Attgustano
768 658 818 711 sub
833 655 928 709 tironis
981 653 1099 719 obtinuit,
1114 660 1259 707 oecurrente
1273 652 1322 705 sibi
1335 661 1408 706 entra
1419 662 1507 723 portae
1521 663 1608 707 taneto
1620 651 1706 708 Leone
1718 655 1771 723 epi·

146 732 269 801 Prospcri
284 729 392 784 nominc
414 728 511 798 publici
529 729 596 797 luris
616 727 679 783 feeit
695 726 816 781 Canisins
832 721 929 778 tomul
980 739 1069 792 scopo,
1083 723 1157 788 caina
1171 721 1324 792 supplicatio
1334 722 1371 775 ita
1384 738 1453 787 eunt,
1470 721 1525 778 Dea
1540 731 1648 793 aperite,
1664 724 1769 790 leniuit,

145 803 267 868 birtiqme
288 800 432 854 Lectionis.
445 799 490 855 Sic
510 799 546 853 ibi
572 799 667 867 iegitur
684 815 690 850 :
708 796 819 851 AEtioet
835 795 928 850 Studia
981 802 1008 847 nt
1026 810 1085 848 aum
1100 793 1185 848 carnia
1200 793 1227 847 in
1240 801 1361 860 potestate
1380 791 1460 861 ipsine
1482 802 1578 860 essent,
1606 795 1702 848 tradito
1723 795 1768 849 eiii

145 871 302 936 consulibua,
316 869 341 925 id
352 879 393 924 est
402 869 476 938 juxta
488 876 607 924 nostrum
622 867 758 936 vulgarem
770 863 929 921 numerandi
982 864 1091 930 ciuitate,
1112 863 1143 917 ai
1158 862 1216 932 ique
1229 872 1312 917 tamen
1327 871 1351 915 et
1365 862 1434 917 erede
1446 873 1522 929 atque
1534 864 1670 932 suppliciis
1688 865 1770 919 absti-

145 941 269 1005 modam,
293 954 364 994 anno
380 940 447 1004 ibi,
469 939 624 1009 Cartlraqine
643 937 776 991 ordinatur
798 936 930 1006 episcopua
981 943 1061 988 neret.
1086 932 1137 988 Per
1156 932 1348 1002 quatuordecim
1361 932 1439 1002 ipitar
1459 934 1513 988 dier
1535 949 1625 988 amara
1642 942 1668 988 et
1688 935 1772 991 libera

146 1011 296 1081 fleeqratiar
320 1013 347 1063 iu
369 1010 474 1064 basilica
489 999 571 1080 m,
585 1007 692 1072 Fausti,
717 1006 759 1061 dic
782 1005 929 1070 dominico,
981 1004 1136 1058 scrutatione
1155 1005 1270 1059 omnibus
1298 1002 1389 1071 opilat
1412 1002 1465 1057 auia
1490 1003 1571 1058 Ronta
1592 1013 1700 1059 οοοοοιιι
1715 1017 1767 1072 eet,

146 1094 192 1135 unt
218 1079 336 1134 calendas
360 1079 528 1143 Naaeurbriu
546 1093 626 1149 quem
642 1077 768 1133 licciesirc
790 1074 931 1146 Cartiragi·
981 1074 1111 1144 multaque
1130 1074 1211 1129 millia
1228 1074 1399 1142 captiuorum,
1416 1083 1491 1139 prout
1509 1076 1660 1145 quiqueaut
1678 1082 1769 1142 oetote,

146 1149 237 1213 nertsi,
258 1159 285 1204 ct
307 1150 412 1218 quidem
426 1149 591 1203 difficillimis
606 1149 784 1216 temporibus,
799 1147 876 1201 annis
888 1146 932 1200 tri·
980 1153 1025 1198 aut
1039 1153 1093 1199 arte
1107 1146 1274 1215 placuerunt,
1298 1159 1355 1196 cum
1373 1144 1462 1212 reqina
1475 1155 1498 1199 et
1512 1145 1615 1213 filiabus
1634 1147 1690 1216 ejas
1705 1143 1772 1201 Cor·

146 1220 195 1277 brus
210 1220 351 1288 l‘raefnisse
366 1217 458 1274 scribit
471 1218 560 1272 Victor
573 1219 706 1283 laudatus,
718 1220 833 1286 indeque
846 1215 931 1286 ipsias
982 1213 1110 1286 tbupiuem
1121 1215 1232 1269 abducta
1244 1224 1313 1267 aunt.
1331 1213 1530 1284 llaec-Prosper,
1544 1217 1586 1269 cni
1600 1229 1662 1271 cum
1677 1216 1770 1272 ceteri

146 1291 247 1347 obitum
259 1305 330 1345 anno
344 1290 449 1344 circiter
462 1290 515 1344 iil
533 1288 676 1351 contiaisse
696 1287 856 1357 colligimus.
882 1286 931 1343 Fe·
981 1286 1104 1340 auctores
1115 1287 1159 1355 qui
1175 1286 1209 1341 de
1222 1284 1315 1338 tradem
1331 1283 1449 1339 lfomana
1470 1284 1546 1345 clade
1558 1285 1690 1354 scripsere
1703 1300 1771 1342 coo-

146 1369 216 1414 sturu
234 1360 291 1430 ejus
307 1360 395 1424 diurn,
410 1368 440 1413 at
451 1358 478 1413 in
498 1369 561 1413 truta
573 1357 607 1412 tt
621 1357 654 1411 ad
669 1356 802 1413 Victorem
816 1357 930 1412 diximus
963 1367 965 1370 ’
982 1357 1108 1420 sentiant,
1120 1357 1236 1424 ipsorum
1248 1354 1328 1409 uerba
1340 1353 1675 1424 referresoperuacaneam
1686 1356 1769 1414 foret.

146 1429 244 1502 (Supra
261 1430 312 1484 eal.
328 1430 389 1493 lii,
403 1445 429 1483 n.
448 1427 486 1498 ιι),
503 1428 717 1500 llartyroioginrn
733 1429 881 1483 anrranurn
896 1426 931 1481 22
982 1423 1118 1481 infelicem
1130 1422 1246 1482 Petronii
1261 1424 1368 1479 ilasimi
1379 1433 1492 1491 scatent,
1506 1426 1551 1494 qai
1565 1443 1616 1481 non
1630 1425 1772 1482 auuiulat

147 1501 232 1555 Munatii
242 1500 374 1564 culcitram
389 1507 416 1552 at
430 1499 454 1551 in
466 1498 620 1553 calendario
632 1499 845 1567 Carthaginensi,
860 1497 930 1568 qttod
981 1495 1100 1550 damiana
1111 1513 1180 1558 eme,
1203 1511 1260 1548 caan
1273 1507 1349 1549 antea
1360 1510 1412 1549 uon
1425 1496 1580 1550 sustinuerat
1595 1512 1649 1552 esre
1660 1497 1708 1552 otti
1722 1499 1772 1553 tla-

147 1571 300 1640 paulopost
316 1570 399 1639 ipsius
420 1569 521 1623 obitum
537 1564 715 1636 conscriptum
730 1577 781 1634 est,
797 1569 871 1622 ruanis
883 1567 930 1621 la·
981 1565 1062 1632 traina,
1080 1567 1151 1632 turget
1164 1565 1293 1623 Sidonius
1308 1563 1469 1633 apollinaris
1485 1565 1530 1621 lib.
1546 1580 1578 1631 n,
1592 1567 1672 1637 epist.
1687 1565 1732 1625 lb.

149 1641 232 1695 ursarii
241 1641 386 1696 beatissimi
396 1638 609 1705 troiusantistiris
617 1639 740 1711 depositio
748 1638 928 1705 consiguatur.
1016 1635 1042 1690 u.
1063 1639 1098 1691 lit
1110 1635 1238 1708 Euagrius
1249 1634 1347 1690 Urbem
1358 1634 1526 1691 aGenserico
1537 1635 1674 1693 incensant
1686 1636 1772 1697 foisse

182 1712 209 1766 ι.
231 1712 254 1764 ls
273 1720 330 1767 erat
351 1713 377 1764 in
398 1709 485 1764 tlfriea
501 1723 589 1764 reram
610 1717 709 1774 status,
732 1724 792 1763 euna
817 1709 890 1765 AEtio
903 1721 931 1767 et
981 1705 1074 1760 scribit
1096 1707 1165 1762 libro
1189 1721 1206 1762 tt
1232 1704 1368 1770 ΙΙίδΙοιὶιι,
1384 1719 1443 1775 ctu·
1461 1705 1477 1759 7
1492 1721 1571 1775 uuam
1594 1723 1707 1775 arraona,
1726 1723 1773 1766 ar·

147 1779 242 1836 Studio
263 1780 433 1844 consulibus,
457 1779 483 1834 id
498 1789 540 1834 est
554 1794 625 1834 anna
636 1780 706 1843 tit,
732 1779 929 1836 Valentinianos
944 1811 968 1870 B
981 1788 1101 1900 {cuturn
1117 1786 1282 1856 catenasque
1295 1775 1381 1845 regias
1399 1790 1477 1845 gazas
1495 1777 1606 1833 naribus
1629 1777 1771 1848 impositas

111 1872 115 1877 ·
148 1851 254 1905 blaximi
268 1851 380 1906 secretis
401 1849 518 1917 artibus,
539 1849 615 1918 errius
629 1851 707 1905 uxori
723 1849 780 1917 ipsc
795 1849 847 1905 rim
860 1850 930 1906 into·
1003 1846 1169 1917 tribunitium
1192 1861 1327 1901 ιιιθιιιδι
1350 1856 1487 1902 ιδὸθιθιθῑ
1510 1846 1655 1916 p¹⁰0⁰l‘llff
1678 1849 1770 1907 libili!

148 1920 225 1986 ierat,
242 1922 389 1989 impulsos,
404 1919 503 1974 AEtinm
527 1920 575 1975 snb
594 1920 685 1988 specie
699 1935 788 1975 rerum
801 1935 929 1976 novarum
981 1917 1016 1970 dc
1030 1917 1104 1971 liello
1122 1916 1276 1980 Vandalico,
1288 1932 1320 1972 ex
1335 1916 1432 1987 quibus
1445 1932 1523 1973 unam
1537 1919 1688 1976 simulacris
1700 1935 1771 1976 orra-

147 1991 256 2046 accidit.
271 1992 326 2046 liae
340 2001 428 2046 nmen
447 1989 549 2044 lacinus
571 1989 694 2044 lieraelio
715 1989 833 2059 spadone
855 1991 931 2046 iusti·
981 1996 1049 2040 stam
1063 1986 1200 2059 ttaufragio
1213 1987 1342 2057 periisse.
1356 1986 1424 2042 itata
1439 1996 1592 2054 attestante,
1608 1989 1700 2046 refert.
1717 1989 1771 2047 lle·

148 2072 227 2184 qanta
240 2061 388 2144 Angustum
402 2058 557 2124 admisisse,
578 2075 613 2115 ex
627 2060 729 2127 irrigari
742 2060 810 2115 fama
824 2062 931 2130 scripsit
982 2056 1062 2127 nique
1085 2057 1155 2112 idem
1178 2067 1272 2112 auctor
1292 2058 1389 2112 asserit
1412 2056 1476 2115 nibil
1501 2059 1571 2128 qnod
1585 2060 1698 2131 alcuius
1712 2075 1772 2117 ιοο·

170 2146 263 2201 rospcr
282 2149 308 2187 tn
324 2132 473 2193 elnonem
498 2130 544 2183 sed
570 2129 683 2185 lieraciii
707 2145 788 2200 opera
809 2131 931 2187 rttebatur
983 2129 1064 2181 mettii
1082 2132 1106 2181 in
1128 2143 1158 2182 te
1178 2129 1201 2182 it
1215 2129 1296 2182 domn
1311 2127 1409 2193 fufitii·
1426 2128 1569 2184 ibllblw
1583 2131 1711 2186 intactum
1726 2145 1775 2187 re·

148 2201 297 2270 fluximus,
321 2210 349 2257 nt
373 2217 405 2257 ex
427 2200 581 2254 Marcellino
603 2201 701 2255 enutrite
724 2200 864 2269 colligitur,
885 2204 930 2272 qni
983 2199 1128 2254 niarasissc:
1168 2214 1226 2252 eres
1243 2196 1355 2267 quidem,
1372 2200 1468 2270 inquit,
1487 2199 1772 2271 autqaidqaamalied

148 2269 221 2327 AEtio
235 2272 339 2327 sublato
350 2270 404 2340 jam
418 2270 551 2325 nemiucrn
565 2270 615 2325 sibi
633 2271 832 2326 adversaturum
847 2280 930 2335 ratus,
982 2269 1049 2322 attale
1074 2271 1182 2339 pretium
1195 2269 1258 2336 inferi
1270 2276 1353 2338 patret
1369 2269 1396 2322 in
1415 2269 1513 2340 palatio
1530 2271 1674 2340 refloruerat.
1700 2270 1772 2326 fiiri·

150 2341 365 2397 Valentinianum
381 2342 466 2411 ipsum
487 2343 607 2410 sequenti
623 2355 694 2395 annu»
709 2343 858 2408 interiecit,
875 2354 931 2398 sta·
983 2348 1071 2407 puerut
1095 2349 1118 2391 ct
1141 2338 1310 2407 Capitolium,
1329 2339 1400 2394 iouis
1420 2340 1559 2411 tempium,
1579 2343 1771 2414 tegularumque

149 2413 250 2481 tinrquc
272 2428 326 2467 non
342 2412 428 2466 solunt
453 2411 592 2480 irnperinrn
609 2411 719 2476 inuasit,
744 2428 836 2466 rectam
851 2417 931 2470 ctiam
983 2419 1079 2477 patient
1091 2409 1228 2463 abrittirrat
1239 2410 1419 2480 alteramque
1433 2427 1463 2465 ea
1476 2426 1526 2464 aere
1537 2412 1671 2483 purissimo
1683 2416 1769 2483 saara,

149 2490 271 2549 mortua,
288 2491 315 2537 nt
330 2484 411 2536 refert
424 2480 580 2548 Procupius,
599 2481 680 2549 priori
693 2497 740 2536 sna
757 2499 858 2546 utare,
879 2483 929 2539 Eu
983 2495 1095 2550 auraque
1106 2479 1209 2552 iupiter
1224 2480 1322 2545 atttta,
1344 2481 1505 2552 utaqnificant
1519 2481 1595 2550 plane
1609 2481 1769 2538 ntiraadoue·

148 2550 254 2605 doulam
277 2550 450 2606 Valentiniani
465 2550 584 2605 relictam
606 2551 790 2618 matrimonio,
811 2555 932 2622 quamuis
983 2551 1148 2620 queapeeiem
1162 2550 1316 2618 prebebant.
1334 2551 1361 2605 ln
1379 2551 1419 2605 bis
1435 2565 1499 2606 vero
1513 2550 1606 2620 spoliis
1627 2568 1660 2608 ex
1674 2553 1772 2609 eodeni

149 2621 276 2688 inuitam,
297 2622 346 2677 sibi
368 2620 511 2690 copularit.
524 2620 587 2675 lude
601 2632 690 2675 natum
707 2622 832 2677 nolanusc
844 2625 933 2695 reipu-
983 2625 1091 2675 auctore
1107 2620 1250 2685 discimus,
1267 2621 1335 2675 libro
1347 2638 1382 2685 n,
1397 2636 1428 2676 ea
1443 2621 1525 2676 fuisse
1537 2638 1595 2694 qua
1611 2623 1673 2678 oiim
1689 2623 1772 2693 captia

150 2688 497 2760 alimentorumque}
533 2690 779 2747 tusttrbrsctutas.
796 2693 932 2752 uaruicum
983 2687 1149 2760 ferorobnir
1180 2690 1286 2744 uotiuum
1314 2691 1453 2758 pareutum
1479 2691 1549 2746 turus
1579 2691 1770 2762 inmutasse,

150 2761 294 2844 aliquando
308 2762 436 2816 blaxirnns
452 2758 489 2814 Eu
511 2762 578 2815 nxiae
593 2769 674 2815 tutan
698 2775 932 2831 rerumgestarum
985 2768 1045 2830 qum
1060 2761 1160 2815 saculo
1175 2760 1297 2831 sequenti
1312 2761 1477 2818 lastinianus
1491 2762 1645 2831 imperatur,
1659 2778 1773 2835 recupa-

150 2845 248 2887 sertem
273 2840 442 2894 enarrasset,
466 2831 605 2902 fassusque
629 2843 699 2888 esset
720 2832 932 2890 Valentinianum
984 2841 1040 2885 rata
1063 2828 1232 2898 cartilagine,
1256 2830 1429 2903 ierosolymis
1450 2832 1576 2889 restituit.
1601 2832 1655 2889 Sed
1674 2841 1702 2891 et
1716 2835 1774 2905 ipsa

150 2916 197 2956 sua
211 2916 291 2973 opera
307 2901 473 2958 interfectum
490 2899 581 2966 fuisse,
597 2901 665 2972 ejus,
678 2912 707 2959 ut
721 2903 868 2974 truqutunu,
884 2906 933 2960 du·
984 2900 1149 2957 lastinianus
1172 2900 1198 2956 iu
1218 2903 1409 2958 constitutione
1422 2901 1455 2958 de
1469 2902 1558 2959 ιιιιιοιο
1572 2904 1689 2972 prefecti
1706 2920 1774 2974 prm·

151 2972 243 3028 cende
256 2973 410 3037 desiderio,
426 2972 482 3026 lucc
493 2969 597 3040 furore,
615 2989 693 3042 quern
710 2983 797 3029 tanuen
810 2975 934 3032 dissirnn·
986 2971 1055 3027 torio
1068 2973 1185 3039 Africae,
1210 2972 1279 3028 inter
1301 2973 1351 3027 atta
1367 2988 1425 3043 qaae
1438 2987 1453 3027 a
1467 2972 1612 3041 Geusericu
1627 2973 1713 3030 licum
1725 2990 1774 3032 m·

152 3040 208 3098 tare
221 3044 376 3108 conabatur,
399 3056 527 3110 accensa,
555 3042 642 3097 mariti
666 3059 773 3111 rteccrn,
799 3061 878 3116 quarn
901 3048 934 3103 ab
986 3050 1041 3112 pta,
1067 3041 1223 3098 indfricam
1238 3043 1323 3099 delata
1339 3043 1420 3099 faisse
1434 3055 1636 3110 commemorat,
1650 3053 1776 3102 recenset

152 3113 209 3181 ipsa
236 3123 403 3183 procuratam
432 3113 553 3168 nonnulli
584 3114 800 3184 suspicabantur,
828 3132 935 3187 quoquo
986 3112 1776 3191 imperialiaornamenta,quaeitctncaptaGilimereGon·

152 3191 230 3252 pacto
247 3184 337 3239 ulcisci
352 3183 499 3239 constituit.
514 3183 580 3238 Tam
593 3200 674 3238 murar
690 3185 832 3255 impatiens
845 3189 933 3244 statim
948 3169 972 3235 c
986 3185 1184 3249 stantinopolirn
1198 3183 1308 3240 adfecit!
1322 3193 1394 3239 ⁸⁰⁰¹·

152 3252 185 3308 ad
197 3252 370 3310 Genserieum
384 3254 570 3324 Carthaginem
582 3253 654 3310 misit
666 3254 818 3324 barbarum,
833 3260 935 3329 suppli·
1023 3255 1068 3309 tn.
1087 3254 1168 3309 iiama
1193 3266 1234 3310 est
1256 3255 1324 3324 apud
1346 3254 1467 3326 vulgatos
1489 3264 1632 3325 auctores,
1655 3257 1776 3315 maxima

153 3337 217 3378 cans
228 3339 262 3380 ne
271 3324 435 3395 proditorem
449 3325 609 3380 homicidam
621 3325 795 3381 Valentiniani
810 3330 938 3397 priucipis
988 3324 1143 3395 posterioris
1156 3326 1216 3392 acui,
1227 3325 1524 3396 recepta,ilcnsericum
1538 3327 1621 3383 tribus
1634 3329 1778 3398 precipuis

153 3392 260 3463 optirni,
281 3409 358 3463 quem
383 3395 469 3448 uiuum
486 3395 556 3450 inter
574 3397 675 3449 amicus
695 3396 838 3465 babuerat,
864 3401 937 3457 caede
989 3398 1080 3451 iiomae
1094 3396 1210 3450 basilicis
1225 3397 1390 3466 pepercisse.
1406 3410 1485 3467 quam
1504 3397 1695 3468 indulgentiam
1708 3399 1778 3455 Leo-

152 3464 269 3533 paudere
292 3465 400 3535 impunc
422 3467 537 3531 sineret,
559 3466 610 3520 sub
631 3464 707 3535 cujus
722 3471 860 3536 tyrannide
880 3471 936 3539 ipsa
989 3470 1030 3521 nis
1046 3481 1120 3535 papae
1134 3466 1258 3536 precibus
1271 3477 1297 3522 ct
1310 3466 1420 3522 monitis
1434 3477 1570 3538 acceptam
1583 3468 1686 3525 uolunt.
1706 3470 1776 3537 Quin

153 3547 259 3659 ww
280 3550 341 3589 aum
356 3543 413 3590 toto
436 3535 548 3605 imperio
567 3537 706 3603 gemebam
730 3547 823 3594 cuncta
846 3554 875 3595 se
899 3541 937 3597 illi
988 3547 1015 3592 et
1028 3537 1101 3591 addit
1114 3545 1207 3592 auctor
1219 3537 1277 3593 libri
1292 3536 1469 3607 pontificum,
1485 3553 1547 3593 rasa
1569 3538 1602 3593 ab
1614 3539 1777 3608 imperatore

155 3618 172 3673 p
224 3605 320 3660 iturant
336 3604 469 3674 pollicita,
486 3606 509 3660 si
524 3605 575 3661 sibi
598 3606 686 3662 bacin
709 3622 797 3664 rerurnr
817 3614 937 3682 angrrstia
988 3607 1257 3662 Constantinouariis
1272 3606 1725 3676 incissacrislinmaeconsecrata,
1749 3610 1777 3666 in

153 3689 231 3744 opem
246 3673 317 3730 ferre
334 3675 425 3732 rellet.
991 3689 1045 3735 tres
1060 3687 1220 3733 memoratas
1235 3678 1359 3734 basilicas
1371 3679 1473 3746 delata,
1489 3693 1657 3734 communem
1673 3680 1777 3737 cladem

146 3743 162 3803 .“
188 3744 216 3799 8.
238 3743 496 3802 aureliacensis
520 3744 599 3802 facile
618 3764 711 3804 orarem
729 3751 939 3810 accommodavit
989 3749 1127 3814 erasisse,
1153 3764 1185 3802 cx
1200 3749 1296 3819 quibus
1310 3749 1494 3807 sanctissimus
1516 3749 1651 3818 pontifex,
1665 3760 1778 3807 caterae

154 3813 332 3884 Genseriaus,
357 3818 397 3871 uir
417 3830 466 3872 suo
480 3816 618 3886 gentisque
638 3818 718 3874 totins
732 3821 797 3875 uitio
811 3824 938 3879 auarisst-
988 3820 1128 3884 ecclesias,
1149 3834 1210 3889 quae
1234 3819 1405 3875 barbarorum
1426 3818 1549 3874 nranibus
1568 3818 1681 3889 direptae
1694 3835 1726 3876 ac
1739 3819 1788 3877 la·.

153 3899 229 3951 ntus,
247 3884 416 3956 oblatamque
439 3887 521 3944 ltalia
538 3902 569 3942 ae
584 3887 662 3945 Urbis
685 3890 768 3960 ipsias
784 3893 939 3962 arripienda
990 3890 1130 3947 befactatae
1146 3890 1260 3954 fuerant,
1277 3889 1445 3944 restaurarit.
1465 3890 1544 3945 certe
1558 3890 1592 3943 ob
1606 3890 1778 3947 liberaturae

152 3957 320 4012 occasionem
336 3958 478 4022 anrbabus,
496 3967 524 4012 ut
537 3959 626 4024 aiunt,
644 3961 765 4016 manibus
785 3965 939 4035 arripiens,
991 3962 1111 4017 barbaris
1124 3958 1243 4024 Urbem,
1260 3959 1351 4014 Romae
1373 3959 1542 4015 festivitatem
1555 3960 1690 4031 publicana
1704 3962 1779 4017 insti-

152 4028 236 4095 copiis
250 4042 316 4098 qaas
330 4029 362 4082 ad
379 4028 517 4098 piraticam
533 4031 722 4095 exercendam,
732 4035 939 4108 repentinasque
992 4042 1075 4089 tritam
1089 4031 1172 4086 foisse
1187 4032 1262 4086 testis
1273 4039 1313 4085 est
1330 4031 1444 4099 ipsemet
1463 4036 1572 4085 sanctus
1586 4030 1641 4086 Leo
1654 4045 1780 4088 mamone

152 4096 336 4176 expeditiones
357 4098 456 4153 babere
479 4110 670 4164 constteucrat,
702 4104 885 4174 congregatis,
913 4116 940 4162 et
991 4104 1089 4172 8l,qui
1105 4100 1260 4156 inscribitur
1272 4101 1304 4155 dc
1317 4099 1415 4155 Octava
1428 4110 1581 4156 sanctorum
1595 4103 1779 4171 apostolorum

155 4167 255 4237 ungenti
269 4166 355 4222 classe
370 4168 445 4224 breti
458 4179 626 4238 comparata,
647 4172 673 4224 ln
689 4172 792 4227 ltaliam
815 4178 940 4231 transmi·
991 4171 1063 4226 Petri
1076 4181 1104 4226 et
1119 4173 1201 4225 t’auli.
1215 4172 1242 4225 in
1257 4184 1289 4226 eo
1301 4180 1389 4226 arrtem
1403 4180 1574 4241 conqueratur
1584 4180 1695 4227 sanctas
1710 4187 1779 4240 pao·

101 4266 108 4278 ·
152 4239 198 4288 sit.
214 4235 326 4317 Rotnani
340 4236 431 4292 statim
447 4237 597 4308 profectus,
611 4243 745 4296 netrrinem
759 4244 793 4297 ibi
807 4245 858 4299 sibi
872 4245 941 4301 resi·
991 4243 1057 4298 tifex
1073 4239 1143 4311 qood
1166 4243 1215 4296 ista
1238 4240 1394 4309 celebritas,
1419 4241 1451 4296 ad
1471 4255 1550 4311 quarn
1569 4249 1647 4296 antea
1662 4242 1693 4297 oi
1711 4240 1779 4297 ιιιοιιι

128 4307 132 4319 ’
152 4311 266 4360 stentem
279 4307 435 4371 inseruiens,
450 4307 522 4363 Urbe
535 4308 613 4363 simul
627 4317 655 4363 et
668 4311 766 4378 palatio
779 4315 877 4380 potitus
887 4325 938 4370 est.
991 4311 1174 4381 eastiqatianis,
1187 4311 1212 4364 in
1234 4311 1280 4377 uit,
1292 4321 1316 4366 et
1325 4311 1480 4366 liberationis
1493 4318 1588 4367 nostrae
1599 4321 1707 4367 conetur
1718 4311 1780 4383 title·

152 4371 211 4427 iam
235 4373 307 4429 ettint
333 4386 410 4431 attica
435 4375 582 4440 Maximus,
598 4380 642 4447 qui
661 4381 750 4434 audita
766 4382 939 4439 barbarorum
992 4381 1054 4435 lium
1070 4380 1179 4450 populus
1192 4326 1231 4434 a)
1239 4383 1350 4453 apendaa
1365 4380 1417 4436 Deo
1437 4381 1533 4453 quatiat
1554 4382 1720 4452 confluebat,
1745 4380 1781 4440 ila

152 4441 283 4498 adrentus
299 4443 368 4499 fama
393 4445 480 4516 fugam
495 4449 676 4516 capessicrat,
691 4465 705 4502 a
723 4451 825 4519 populis
847 4454 941 4522 regiis·
991 4466 1024 4505 eo
1036 4466 1108 4505 anno
1122 4465 1174 4521 quo
1187 4465 1339 4506 sermonem
1355 4451 1425 4508 itone
1437 4451 1528 4506 babuit
1542 4451 1635 4508 fuisset
1647 4451 1781 4523 neglecta,

152 4527 205 4583 que
228 4513 392 4570 administris
415 4516 585 4584 interiectus,
606 4526 635 4572 et
658 4520 683 4572 in
699 4531 788 4586 partes
807 4522 939 4579 dissectus
953 4551 980 4614 D
992 4529 1021 4575 ot
1035 4521 1111 4588 pauci
1123 4520 1265 4575 anniadum
1280 4521 1313 4575 ad
1329 4536 1387 4575 eam
1399 4521 1599 4577 conuenissent.
1612 4521 1676 4578 ilaec
1691 4533 1781 4581 antem

151 4582 249 4640 iactat.
270 4584 354 4650 Quam
380 4584 449 4641 foeda
474 4594 536 4641 tuac
561 4586 641 4642 fuerit
662 4599 771 4646 senatus
796 4593 939 4664 populique
991 4603 1084 4646 contra
1110 4591 1263 4659 Barorrinm,
1279 4595 1323 4660 qui
1338 4606 1372 4647 eo
1387 4594 1446 4648 locu
1459 4590 1619 4647 centulam
1632 4592 1782 4663 irruptioni

152 4650 266 4736 Rotnani
278 4654 369 4736 facies,
380 4671 460 4738 nemu
474 4658 569 4727 estqui
580 4657 664 4728 possit
676 4659 937 4733 uerbisexprinrerc,
994 4661 1110 4716 Leonem
1126 4662 1247 4731 Magnam
1262 4676 1412 4718 scruuoncm
1428 4662 1526 4717 babere
1537 4671 1639 4729 censet,
1656 4663 1692 4718 de
1703 4660 1783 4719 Urbis

152 4724 318 4793 qoanrrtsnb
332 4728 463 4782 ιοοοιιιιιιο
480 4737 506 4783 et
523 4728 641 4783 caulibus
655 4727 826 4786 Genscricorn
841 4733 939 4791 lacunis
993 4733 1043 4802 sub
1057 4732 1202 4805 Genserico
1224 4732 1374 4803 direptione
1398 4733 1508 4788 omnino
1528 4732 1700 4802 intelligenda
1721 4746 1783 4790 esso

994 4803 1087 4871 prebat
1098 4802 1257 4869 Quesnelius
1269 4819 1301 4859 ex
1324 4803 1381 4871 ipso
1398 4805 1479 4858 totius
1499 4804 1633 4858 sermonis
1643 4811 1782 4860 cantatio.

994 4874 1029 4928 iit
1060 4872 1148 4927 uidem
1163 4872 1217 4928 Leo
1231 4873 1299 4929 lranc
1312 4872 1392 4930 Urbis
1403 4874 1595 4938 liberationem,
1618 4885 1674 4928 aon
1695 4872 1783 4930 solata

992 4888 1115 5012 ineffabili
1136 4945 1316 5010 omnipotentia
1334 4941 1383 4998 fiel
1396 4944 1579 4999 misericordiae
1595 4942 1722 5014 deputat,
1739 4944 1784 5014 qui

991 5010 1082 5069 eorna'
1094 5017 1231 5084 furentium
1250 5014 1454 5084 barbarornm2
1480 5015 1509 5085 6
1527 5016 1643 5087 mitiqore
1663 5014 1785 5085 deiunctae

152 4807 227 4876 papae
242 4796 365 4864 precibus
377 4805 479 4853 anetam
490 4798 649 4854 abstinuisse
662 4800 800 4871 scripserit
813 4803 937 4876 Prosper,

152 4879 197 4934 qur
222 4864 263 4921 bis
285 4865 374 4921 uerbis
390 4875 442 4922 tam
457 4868 483 4922 in
502 4877 591 4924 entem
605 4870 710 4925 cladem
724 4871 886 4943 deplorauit,
904 4876 937 4931 ad

152 4948 251 4991 antrutn
266 4950 328 5016 οη
342 4883 534 5006 vulcanalia,
555 4954 634 5009 quem
656 4940 831 4998 Valentiniani
851 4960 896 5000 atur
911 4954 940 5002 οι

152 5003 289 5061 Anthemii
313 5006 454 5062 consulatu
476 5007 648 5079 designarit:
666 5010 700 5065 Ut
717 5023 815 5078 auteur,
838 5017 937 5086 inquit,

154 5074 202 5127 boe
212 5077 393 5144 parricidium,
408 5075 587 5134 Valentiniani
602 5095 697 5151 nempe
711 5083 822 5154 bugasti
837 5090 938 5151 cades,

152 5154 325 5215 perpetratum
335 5155 382 5211 est,
399 5146 530 5203 lilaabnut
540 5151 580 5203 uir.
590 5153 683 5221 pemini
698 5154 843 5209 consulatur
856 5165 881 5211 ct
894 5173 941 5226 pa·

152 5214 372 5296 triaiatiiqnitatis
389 5219 498 5286 sumpsit
514 5219 694 5287 imperium...
708 5223 850 5294 duputtant
860 5229 939 5281 arnis·

152 5299 250 5338 arautem
260 5285 307 5339 oiri
320 5285 406 5356 lupera
423 5289 574 5356 prohibitam
589 5291 657 5344 intra
669 5295 835 5362 paucissimae
849 5295 904 5351 diet
913 5300 940 5352 in

154 5355 303 5436 aanjttqium
318 5372 393 5410 suunt
406 5359 514 5412 transire
527 5360 616 5429 eoepit.
630 5361 682 5415 Sed
697 5363 746 5417 itae
757 5364 941 5421 incontinentia

154 5439 205 5479 non
221 5427 379 5549 druIatitus
398 5435 445 5482 est.
461 5427 532 5482 fl'ant
543 5438 600 5499 port
611 5431 719 5486 alterurn
733 5450 857 5501 atensern,
872 5453 940 5491 nun·

156 5498 217 5550 tiata
228 5510 261 5550 ea
293 5495 357 5566 frica
366 5494 494 5553 Genterici
509 5501 574 5570 repis
585 5501 705 5569 aduentu,
719 5504 856 5572 multisque
866 5508 940 5561 neii-

156 5567 221 5620 iiiae
230 5581 261 5619 ae
269 5567 433 5638 popularibus
443 5583 475 5622 ea
487 5567 554 5624 Urbe
565 5572 730 5643 sapientibus,
742 5590 800 5628 enm
810 5577 866 5644 ipae
876 5593 941 5646 qua·

156 5653 218 5705 que,
234 5635 295 5690 tiata
309 5638 405 5692 cunetis
416 5637 525 5692 aiettrrdi
539 5640 652 5706 lieentia,
663 5643 761 5713 trepide
773 5645 846 5699 uellet
859 5649 939 5718 225

155 5706 298 5775 abscedere,
312 5723 328 5761 a
342 5708 446 5780 famulis
468 5707 544 5780 [edit.
561 5711 637 5775 Gau,
648 5716 714 5781 [orte
726 5716 842 5787 reginae]
865 5719 939 5787 reqiis

156 5779 296 5837 dilaniatus
310 5790 363 5856 eet,
376 5788 400 5834 οι
412 5779 573 5847 nuttrlratirn
590 5781 702 5850 deleatur
718 5785 745 5839 in
759 5783 886 5846 Tiberim.
901 5803 941 5842 re·

991 5095 1046 5147 eat:
1065 5086 1111 5139 sed
1125 5093 1308 5140 etaanetarnm
1322 5101 1390 5139 eura
1410 5087 1471 5138 attri
1492 5084 1540 5150 nit,
1553 5099 1613 5154 quae
1631 5081 1727 5138 Urbetn
1745 5099 1787 5139 re·

991 5155 1110 5226 fortrrarit
1133 5155 1223 5221 rainti,
1245 5171 1261 5208 a
1284 5156 1430 5220 utptiritate
1448 5155 1532 5221 eruit,
1545 5171 1561 5208 a
1573 5154 1642 5209 carie
1653 5153 1787 5224 defendit:

992 5242 1051 5297 quaa
1065 5225 1173 5294 quidem
1186 5225 1265 5280 rerba
1282 5226 1406 5280 tittilanae
1427 5223 1514 5280 minus
1534 5231 1628 5289 recle,
1644 5222 1787 5280 Genterici

992 5311 1058 5351 vcro
1071 5296 1212 5365 irruptioni
1234 5295 1335 5365 optime
1347 5301 1507 5364 congruunt.
1522 5293 1607 5352 Feret
1618 5293 1702 5349 etiarn
1717 5301 1788 5350 tem·

993 5366 1065 5437 poris
1079 5381 1094 5420 a
1110 5374 1203 5422 sancto
1215 5365 1306 5420 Leone
1316 5365 1448 5435 designati
1461 5363 1788 5435 circumstantiumque

992 5450 1052 5490 cum
1066 5435 1092 5489 iu
1108 5437 1152 5490 die
1165 5444 1259 5490 actara
1281 5435 1431 5491 festivitatis
1444 5434 1626 5505 apostolorum
1643 5433 1680 5490 de
1693 5434 1789 5506 aegle-

990 5519 1033 5562 eta
1048 5505 1127 5560 Urbis
1143 5505 1262 5561 liberata
1283 5508 1539 5562 commemoratione
1560 5513 1727 5575 conquestos
1740 5504 1788 5574 sit,

992 5584 1064 5644 patu
1087 5575 1155 5630 banc
1174 5577 1246 5631 eirea
1259 5575 1322 5630 illud
1338 5585 1442 5645 tempus
1465 5575 1558 5630 Romae
1571 5573 1704 5632 celebrari
1717 5574 1789 5631 soli·

992 5655 1044 5700 tarn
1068 5645 1157 5700 fauisse.
1174 5648 1207 5701 bt
1221 5646 1272 5701 boc
1291 5647 1349 5716 ipso
1364 5646 1485 5716 tempore
1498 5644 1597 5702 Urbem
1611 5659 1628 5702 ο
1645 5642 1790 5703 cucata

992 5714 1133 5786 tyrannide
1155 5714 1294 5770 liberatam
1315 5716 1397 5772 luisse
1418 5715 1637 5786 indecolliqnor,
1651 5714 1791 5788 quodue·

990 5800 1047 5842 cuso
1066 5786 1151 5846 aridio
1174 5784 1234 5845 idus
1248 5785 1321 5853 iunii
1335 5786 1472 5849 Uarine.
1492 5785 1571 5845 tertia
1593 5785 1638 5853 dle
1660 5784 1792 5859 ιοοιιοιιιί
