3810 6254
113 288 148 349 sq
815 280 980 340 ertssota
1001 279 1048 338 ιιι.
1101 296 1105 303 ·
1274 257 1278 271 ’
1711 285 1745 342 ao

115 403 161 476 qui
172 395 691 473 requiesceresollicitudiuemnostrsm,
700 401 728 452 et
737 408 861 464 ttsessnalll
870 408 903 451 es
918 394 1110 467 Accepiscopi
1126 394 1328 450 nostridntonii
1343 395 1488 451 insinuatio
1500 396 1630 452 reserarit
1641 438 1648 462 ,
1661 396 1744 456 claret

115 503 191 565 parte
203 490 316 548 relevari
330 488 357 544 in
376 486 418 544 lala
433 500 521 559 ques
542 497 643 543 sanctae
658 486 795 542 memoriae
808 487 904 544 decet·
957 487 1114 560 praedictum
1134 487 1270 558 pnnleqla
1294 489 1375 543 certis
1390 489 1516 545 conclusa
1541 491 1662 547 terminis
1677 492 1745 550 selle

115 601 178 644 sore
189 598 252 640 roeo
264 580 300 639 de
309 578 455 637 Viennensi
469 580 597 651 episcopo
610 578 719 650 prtedra
730 590 802 646 suut,
814 579 907 636 crede·
957 581 1071 653 perdere
1084 581 1144 652 plus
1156 580 1282 646 volendo,
1295 581 1338 652 qui
1350 581 1449 637 abusus
1463 581 1552 638 lralris
1565 590 1593 638 et
1605 597 1747 641 consocer·

115 677 223 742 munus,
237 670 356 729 evidenti
370 670 520 726 assertione
539 669 714 739 cognorimus
725 710 733 735 ,
745 678 773 724 et
785 669 907 724 nensioe
958 672 1028 729 dotis
1039 671 1142 729 Leontii
1157 672 1341 737 moderantia,
1359 672 1507 729 boensibos
1523 684 1616 729 contra
1632 673 1673 730 los
1686 677 1745 744 epi·

116 768 210 826 dolore
233 766 382 833 miramur,
397 760 567 818 definitiones
576 760 637 816 ilias
652 761 662 792 ¹
677 772 692 814 s
705 758 835 816 llamerto
848 759 907 830 epi·
959 772 1080 835 scopum,
1093 765 1198 820 etiamsi
1210 772 1253 820 est
1265 763 1395 828 meritus,
1409 777 1461 818 oon
1473 763 1562 819 timuit
1575 777 1744 821 consecrare.

117 876 199 930 scopo
223 872 293 915 nunc
313 854 435 928 potuisse
447 854 601 912 transcendi
615 896 622 921 ,
636 866 686 925 per
698 866 765 925 ques
781 853 908 911 Ecclesiae
959 857 988 912 ln
1002 872 1056 926 qno
1069 843 1168 910 lactum
1191 856 1250 924 ejus
1267 863 1430 910 convenerat
1444 854 1483 908 sic
1496 855 1596 911 resolvi
1608 900 1615 923 ,
1629 863 1659 910 ut
1671 856 1746 924 justa

118 949 285 1026 privilegium
305 947 433 1018 probarat
451 946 570 1016 acquiris
594 958 654 1001 cum
672 946 806 1016 precipue
820 942 910 1000 iratris
960 962 1053 1004 eorum
1068 963 1128 1018 quae
1141 957 1291 1016 perpetrata
1305 954 1368 1001 sunt
1385 946 1551 1015 qualitatem,
1563 960 1617 1002 non
1637 947 1695 1002 sine
1707 947 1748 1015 ja·

117 1052 145 1100 et
159 1039 311 1111 coepiscopi
323 1035 524 1095 nostriLeontii
534 1036 685 1093 moderatio
697 1035 810 1092 lormam
821 1035 910 1091 conli-
961 1048 1036 1094 ctnra
1048 1038 1147 1107 proprii
1162 1036 1274 1099 ordinis,
1289 1037 1370 1092 etism
1385 1036 1459 1090 illuns
1475 1050 1490 1090 s
1506 1037 1665 1092 sacerdotali
1680 1052 1748 1093 eorr-

119 1135 218 1191 nenlie
242 1131 365 1205 praebese
382 1130 507 1187 debuerit
526 1128 678 1186 ambienti:
702 1136 749 1185 aut
771 1130 794 1184 sl
814 1128 910 1200 spiritu
962 1130 1045 1185 sertio
1062 1128 1216 1183 submoueri
1238 1132 1371 1194 cerneret,
1394 1140 1474 1197 quem
1499 1127 1600 1182 cressit
1620 1127 1747 1194 indebite,

119 1225 298 1282 aernrulationis
314 1222 438 1288 lnllatus,
452 1235 515 1277 eum
529 1219 611 1294 (qood
626 1236 680 1276 non
695 1219 825 1291 oportuit)
838 1219 912 1275 arbi·
962 1232 1094 1290 quemque
1104 1217 1288 1288 indignissime
1302 1216 1400 1273 iecisse
1408 1215 1587 1283 connutritor,
1595 1225 1748 1286 correptum

120 1326 206 1372 tratus
218 1323 261 1373 est
271 1308 473 1387 negligendum
487 1311 640 1368 decesserit
650 1312 691 1367 sui
704 1311 799 1368 saltem
814 1310 913 1367 instm-
962 1310 1032 1379 justa
1046 1309 1146 1364 ultione
1161 1308 1288 1375 sentiret,
1311 1322 1344 1362 ne
1357 1301 1494 1375 conceptos
1514 1307 1631 1362 audaciae
1644 1309 1750 1364 incasti·

120 1414 180 1462 ctus
192 1402 337 1476 exemplo,
349 1402 428 1458 illius
441 1401 592 1457 imitaretur
603 1403 820 1469 temperantiam,
836 1399 914 1471 cuius
964 1410 1025 1470 qaia
1045 1399 1182 1454 temeritas
1199 1398 1314 1454 licentise
1331 1413 1360 1453 sc
1374 1400 1511 1468 peperisse
1530 1406 1636 1469 putaret
1658 1414 1752 1454 exem-

122 1498 226 1554 bonore
252 1495 438 1566 periungitor,
461 1507 512 1548 nec
536 1490 758 1562 transgrediendo
781 1491 913 1560 siolsrst,
966 1491 1049 1560 plum.
1067 1487 1214 1545 Verumad
1230 1488 1411 1543 ecclesiarum
1431 1488 1549 1559 quietem
1570 1499 1650 1545 tantae
1665 1499 1751 1546 trans·
1822 1504 1826 1510 ·

122 1587 192 1659 qued
207 1584 263 1656 isso
279 1594 374 1652 nunc,
390 1583 441 1639 nisi
455 1582 593 1653 patientioe
607 1580 790 1638 moderandos
805 1593 913 1639 tenere
965 1580 1111 1652 grossioris
1129 1580 1239 1635 vulnera
1253 1613 1262 1645 ,
1277 1592 1410 1634 memores
1424 1580 1581 1647 apostolice
1595 1580 1753 1651 sapientie,-

124 1692 184 1735 mus
196 1719 205 1743 ,
218 1684 311 1748 posset
322 1675 456 1731 amittere.
472 1674 522 1730 Coi
535 1688 651 1745 unquam
664 1672 767 1745 proluit
780 1689 857 1731 mens
871 1690 915 1732 re·
966 1672 1054 1727 curari
1077 1670 1202 1725 nolumus
1222 1678 1286 1724 snle
1311 1670 1446 1736 lomentis,
1471 1679 1501 1726 ut
1522 1672 1643 1742 corporis
1667 1673 1752 1727 nostri
1768 1690 1771 1699 ·

124 1769 218 1825 bellisl
232 1777 278 1824 aut
298 1780 378 1838 quem
392 1764 525 1842 mperbite
535 1780 590 1822 non
602 1765 740 1823 inclinarit
751 1768 851 1825 elatiol
864 1768 911 1823 dl·
927 1765 1115 1833 nmenrlrsum
1130 1761 1199 1817 lorte
1211 1762 1357 1817 sanandum
1375 1763 1403 1816 in
1419 1763 1598 1832 integritatem
1613 1764 1753 1835 pristinam

126 1863 177 1918 tior
191 1859 399 1919 etronilltatlr
414 1857 516 1931 qratia,
528 1859 572 1915 cui
588 1868 744 1930 paupertate
758 1860 867 1929 spiritus
880 1860 914 1916 ad
968 1873 1016 1928 pet
1025 1857 1130 1914 mitiora
1142 1858 1335 1912 medicamenta
1347 1856 1688 1925 revocetur,neccredatdr
1706 1874 1753 1915 ne·

126 1952 264 2024 presulum
288 1950 427 2022 proruere
441 1949 614 2006 beatitudinis
629 1951 680 2007 iter
701 1952 777 2022 requi
798 1951 916 2007 eoelestis
967 1950 1028 2021 qliqi
1039 1948 1110 2018 qnod
1122 1949 1227 2004 interint
1242 1962 1295 2002 non
1303 1956 1428 2003 morietur
1436 1947 1567 2004 abscindi.
1582 1948 1685 2004 Procris
1697 1964 1753 2006 me-

125 2044 254 2113 aperitur.
271 2042 325 2099 ilec
338 2040 551 2112 perfunctorium
576 2042 765 2112 prevaricator
782 2043 917 2098 existimet
967 2041 1048 2097 dendi
1074 2055 1181 2110 serpes
1204 2040 1369 2097 austeritatis
1394 2048 1436 2095 est
1460 2040 1570 2106 lenius,
1595 2052 1645 2096 nec
1665 2041 1753 2096 omnis

126 2137 271 2209 essequod
293 2136 355 2191 lecit
367 2176 375 2200 ,
386 2136 408 2189 si
424 2133 544 2194 eruditus
556 2133 690 2191 doctrinis
703 2135 915 2200 ecciesiasticis,
969 2133 1039 2188 icrro
1058 2131 1147 2187 statim
1168 2132 1246 2201 culpa
1261 2130 1451 2200 conpescitur,
1473 2139 1519 2185 aas
1532 2130 1698 2200 inexplorato
1712 2132 1753 2188 rel

126 2229 314 2301 quidnamque
322 2227 602 2296 mmestnrsproscitr
612 2240 677 2282 enm
687 2227 757 2282 alter
769 2227 916 2282 secundom
963 2222 1038 2292 quod
1051 2221 1132 2276 isoile
1141 2221 1372 2291 predeseepoesit
1381 2220 1503 2276 edentur.
1518 2221 1674 2277 Nunectaitn
1681 2230 1753 2277 sem·

126 2320 308 2392 propheticum
320 2334 413 2375 rocem
433 2319 460 2373 in
476 2317 564 2373 toedio
578 2318 719 2381 domitrice
731 2317 828 2373 domus
842 2317 917 2373 laubi-
964 2313 1041 2383 poris
1054 2314 1251 2383 opportunitas,
1266 2327 1337 2368 autre
1351 2313 1501 2382 languentis
1511 2314 1667 2381 necessitas,
1683 2329 1754 2369 nunc

129 2422 189 2468 tare
213 2410 391 2483 proitibetur;
416 2409 484 2463 aller
504 2408 665 2477 respiciente
688 2423 717 2462 se
737 2408 792 2463 Deo
809 2421 928 2476 scurper.
969 2406 1109 2463 medicinte
1124 2406 1207 2474 ipsius
1218 2416 1245 2461 et
1258 2405 1352 2461 modos
1367 2416 1408 2460 est
1419 2406 1617 2477 quaereuduecl
1629 2406 1754 2478 qualitas:

125 2506 235 2575 junctos
254 2501 493 2570 macedonenses
504 2499 689 2555 conscissione
704 2498 833 2553 saluatur.
851 2497 916 2552 Pos-
970 2508 998 2553 ut
1012 2499 1099 2553 omnis
1118 2499 1335 2571 persapientism
1358 2496 1426 2553 iacta
1439 2498 1467 2553 in
1489 2498 1562 2554 uitiis
1579 2499 1754 2569 reprimendis

125 2593 387 2652 mntsmsrasltiuer
398 2601 517 2647 reserum
526 2590 611 2647 multa
625 2589 759 2660 replicari,
770 2605 830 2660 que
840 2588 918 2658 justa
969 2589 1121 2648 sollicitudo
1134 2589 1254 2645 curantis
1265 2589 1384 2660 gaudeat
1394 2591 1644 2665 separatione-quod
1659 2591 1756 2657 saltat,

126 2668 346 2742 rerisaten'dicta
356 2683 592 2744 desnosstsantor;
606 2680 654 2737 sed
664 2681 699 2737 ab
712 2679 808 2736 eedem
823 2694 916 2749 causa,
938 2742 946 2757 ,
970 2695 1019 2737 nec
1034 2691 1124 2736 carcat
1139 2680 1322 2737 moderatione
1336 2680 1407 2751 qood
1420 2692 1537 2736 resecat.
1555 2681 1600 2736 llis
1614 2683 1693 2752 iqltur
1712 2697 1756 2738 rc·

126 2794 188 2848 quse
212 2792 242 2833 se
261 2785 290 2832 ιιι
319 2775 509 2845 loqueremur,
536 2773 659 2845 incesta,
680 2773 832 2845 ,recentiora
856 2782 920 2831 sunl
970 2782 1025 2827 stra
1035 2771 1189 2834 bateradus
1197 2772 1314 2842 prasius
1326 2771 1526 2843 prudenterque
1533 2774 1683 2843 perpensis,
1697 2774 1757 2833 talis

127 2868 250 2938 exempla
271 2866 410 2922 sumenda.
432 2865 500 2920 Nssn
519 2864 677 2935 dignitatem
690 2863 850 2920 Viennensis
868 2865 919 2920 lic-
970 2862 1040 2935 apud
1056 2878 1104 2919 nos
1119 2862 1283 2919 dissimulari
1304 2877 1385 2933 posse
1399 2877 1451 2917 uon
1465 2864 1589 2928 restituet,
1606 2864 1757 2934 inquorum

127 2957 516 3027 enslellanertosepisoopus
526 2957 823 3014 Arelatensisantistitis
834 2970 919 3029 qson·
970 2970 1002 3018 se
1015 2957 1132 3022 sasairne
1144 2955 1345 3021 contumeliam,
1354 2955 1399 3025 qui
1410 2969 1464 3010 nou
1478 2955 1613 3016 immerito
1627 2954 1757 3023 pulsatur,

126 3052 190 3106 clam
204 3049 419 3121 mmqmesiotse
430 3048 563 3115 oresisse,
577 3056 606 3104 et
618 3062 668 3118 pso
682 3048 850 3118 corrigendis
858 3064 920 3119 que
957 3049 1069 3106 'atesis
1090 3048 1178 3105 Fratri
1200 3049 1272 3103 enies
1286 3056 1379 3103 nostro
1391 3046 1505 3103 Leontio
1513 3046 1582 3103 nibil
1590 3046 1729 3121 constituti
1743 3062 1759 3105 a

126 3155 269 3214 perperam
283 3139 462 3211 serenentur,
482 3139 632 3211 inviolabili
652 3149 744 3209 postea
764 3140 957 3209 dedoitioness
971 3153 1070 3199 mucre
1080 3142 1217 3199 memoriae
1227 3140 1516 3210 decessoremeojmis
1529 3140 1773 3212 potuitabrosari,

128 3231 319 3300 compositum,
335 3244 368 3286 ne
382 3230 451 3285 alter
464 3228 605 3299 inglorius,
622 3231 723 3285 alterio
739 3240 823 3287 totum
834 3233 919 3295 ueteri
972 3233 1038 3290 nibil
1051 3234 1150 3300 naluit,
1165 3234 1235 3305 quod
1249 3234 1344 3289 leonori
1356 3231 1550 3302 eiusdebssur,
1559 3232 1659 3290 auferri
1671 3251 1679 3288 ι
1689 3233 1753 3302 quis

128 3326 233 3396 bonose
255 3323 411 3399 pertidum
435 3323 607 3393 precesserit
631 3322 793 3394 reperiretur
812 3335 917 3382 exutus.
971 3325 1184 3383 Christianorum
1203 3342 1310 3398 quoque
1323 3326 1473 3397 principum
1488 3325 1696 3397 leqedecretutu
1706 3334 1759 3392 est,

127 3417 204 3481 Sicut
216 3430 281 3489 erqo
298 3424 326 3471 et
336 3423 433 3493 restrae
449 3408 602 3495 dilectionis
616 3416 733 3485 relatio,
747 3425 774 3473 et
788 3418 878 3473 lratrle
891 3427 929 3503 et¹
974 3429 1001 3474 ut
1012 3415 1139 3492 quidquid
1146 3416 1274 3476 Eccleeiis
1284 3433 1429 3491 earumque
1439 3417 1599 3487 rectoribus,
1613 3433 1662 3493 pro
1671 3419 1760 3491 quieto

113 3595 115 3598 >
166 3570 599 3637 ¹llanortos,atlaellanercus,
616 3571 793 3626 sanctissimae
805 3571 918 3628 rienes
970 3573 1125 3643 moriundos
1144 3568 1319 3640 eldebrannus,
1335 3575 1387 3629 etc.
1407 3573 1525 3628 Etcirca
1546 3573 1624 3628 linem
1641 3590 1648 3628 ι
1665 3573 1761 3632 nullus

127 3643 277 3698 beatissimi
290 3641 545 3697 obitusliienneneis
559 3641 711 3710 episcopus,
725 3644 769 3711 qui
785 3657 862 3697 rasum
874 3657 918 3698 sa·
969 3645 1017 3697 sibi
1040 3644 1072 3697 de
1096 3645 1223 3698 industrio
1243 3643 1342 3713 aliquos
1359 3645 1536 3714 occupationes
1558 3645 1689 3714 inquiret,
1715 3663 1761 3716 per

127 3729 205 3768 crum
219 3713 371 3768 litaniarum
384 3711 530 3781 antiquitus
550 3711 650 3769 millum
662 3750 670 3775 ,
681 3711 831 3780 disciplinae
843 3714 918 3769 soiu-
954 3729 1032 3785 ¹qsss
1042 3730 1070 3778 se
1080 3716 1111 3769 de
1126 3712 1380 3771 detesto-rossenac
1393 3717 1528 3778 subducet,
1539 3713 1602 3769 Siste
1612 3716 1688 3773 dudio
1703 3731 1763 3784 pec·

128 3780 781 3857 lione,errllusreqbsinoebcgldclumitsssalriis
796 3793 917 3853 tempore
940 3798 953 3859 ζ]
970 3790 1087 3853 colorum
1098 3782 1407 3858 mmmcdaoodlliqlt
1417 3786 1497 3853 odiri
1509 3782 1658 3849 bassanus
1673 3788 1761 3841 dietus

128 3853 309 3910 Valentiniani
327 3850 400 3909 uelli
416 3852 585 3921 imperatoris
613 3852 798 3909 snndClrristi
807 3854 873 3920 iba,
885 3864 919 3919 ut
956 3872 959 3879 ·
966 3850 1124 3977 immede,
1139 3856 1237 3913 nendo
1249 3866 1275 3911 st
1287 3854 1421 3926 psallendo
1432 3852 1676 3979 madiuofintotibi
1684 3858 1761 3926 spiri·

985 3945 997 3975 ll

128 3924 224 3979 scribit
236 3922 293 3978 ndo
306 3891 620 3986 Vienne'nsisfiedlituil,
637 3918 778 3994 triduoque
792 3936 855 3978 ante
869 3927 919 3979 ds·
973 3935 981 3978 t

129 3994 286 4049 censionem
306 4008 355 4047 suo
372 3993 496 4058 exemplo
515 4003 542 4048 el
554 3993 739 4062 experimento
765 3994 918 4060 utilissimo,
975 3994 1139 4063 temporibus
1158 3997 1242 4050 sasrcti
1258 3994 1379 4064 Gregorii
1403 3996 1592 4063 Tlnzrunraturgi
1614 4004 1641 4049 et
1656 3995 1762 4050 Tertul-

50 4080 54 4085 ’
129 4063 921 4191 codicillisld‘illcllt’lllllolslll
961 4065 1762 4204 ‘libitissitlllllils'lll:lilllildltllelllli

130 4220 185 4261 tson
196 4204 310 4274 primurn
330 4206 356 4258 in
371 4203 464 4259 Galliis
480 4175 561 4258 fuisse
580 4204 741 4273 inqlsttss,·-
752 4202 800 4261 old
815 4210 934 4277 lntlldna.
951 4220 1028 4287 sset,
1038 4212 1066 4261 et
1080 4204 1235 4269 'l'eedletl
1246 4202 1319 4269 libro
1332 4206 1450 4260 secundo
1461 4205 1493 4260 ad
1510 4205 1636 4261 Uttsrem.
1651 4204 1716 4261 ltenr
1728 4222 1761 4263 et

131 4288 231 4344 magno
245 4288 305 4329 cum
323 4274 428 4329 ierrore
448 4274 482 4329 ad
503 4285 689 4337 terraemotus,
704 4268 840 4343 incendii,
854 4264 920 4329 alla·
976 4274 1008 4330 tis
1030 4290 1091 4343 quse
1110 4272 1164 4329 dixi
1179 4289 1258 4342 supro
1282 4277 1309 4329 in
1330 4278 1399 4331 notis
1420 4276 1530 4330 canonis
1544 4276 1640 4330 decimi
1656 4279 1762 4345 septimi

130 4359 244 4414 rumque
256 4344 370 4399 cladium
387 4345 501 4412 pericula
516 4345 660 4400 avertenda
675 4345 845 4411 relormatas,
859 4355 921 4414 post
974 4347 1079 4400 concilii
1093 4344 1247 4399 Laodiceni.
1257 4346 1321 4400 liide
1333 4363 1392 4415 quae
1403 4349 1452 4400 lrac
1464 4347 1499 4401 de
1510 4362 1538 4400 re
1551 4348 1654 4416 prolixe
1666 4350 1760 4404 scribit

130 4416 266 4480 Adonem,
292 4423 403 4469 testatur
426 4414 553 4470 Sidonius
578 4415 646 4469 liltro
672 4416 781 4484 quisito,
805 4416 920 4484 epistola
974 4416 1103 4473 baronius
1117 4430 1188 4469 anno
1203 4415 1274 4481 lle,
1297 4416 1414 4471 nostadi
1440 4417 1663 4485 etsequentilrttS,
1682 4430 1709 4472 et
1736 4424 1762 4474 in

130 4495 228 4557 quarta
241 4485 275 4538 ad
291 4488 391 4553 aprum
408 4483 553 4550 bisserlris
571 4503 578 4539 ι
593 4484 693 4538 Ηιιιιιιιι
704 4485 865 4555 rosellenses
879 4500 922 4540 so·
934 4490 963 4559 Β
974 4486 1045 4541 ltotit
1055 4478 1287 4556 dlartyrolosiidd
1302 4487 1409 4553 Aprilis,
1422 4489 1503 4540 rcrlro
1519 4486 1643 4541 Litorius.

132 4557 392 4622 temeritatemprinstts
406 4555 544 4608 llornertus
560 4566 630 4621 pater
640 4564 663 4609 ct
678 4555 792 4624 pontifex
805 4571 918 4611 resersu-
951 4602 955 4611 .
1011 4556 1089 4611 Hosne
1103 4555 1259 4610 blasnertum
1276 4557 1441 4611 Viennenses
1462 4559 1644 4612 antrirersaria
1661 4557 1763 4612 ieslivi·

133 4626 242 4678 dissime
253 4625 378 4691 exemplo,
392 4626 529 4679 utilissimo
539 4627 709 4696 experimento
723 4618 823 4680 irruess't.
840 4624 924 4681 Erunt
975 4630 1031 4680 lete
1045 4625 1136 4679 enisos
1145 4627 1285 4680 undecimo
1297 4627 1369 4682 llaii.
1384 4628 1475 4693 Qualis
1488 4636 1658 4699 quantusque
1671 4629 1761 4694 laseris,

132 4695 237 4766 quidem
255 4695 326 4766 prius
345 4695 423 4763 (quod
437 4694 508 4749 mise
525 4695 585 4763 fidei
604 4696 706 4763 pocesit
720 4695 828 4761 dictares)
842 4712 922 4767 ruqoe,
976 4697 1081 4752 sidonii
1098 4697 1268 4765 Apollinaris,
1280 4698 1396 4767 quicum
1408 4699 1490 4761 norit,
1507 4713 1592 4766 eoque
1608 4699 1764 4754 larnillanis·

125 4764 741 4835 tepentes‚'irp·eqsertesqse,etqselsiediaria)
751 4767 925 4822 meliusculae
975 4769 1043 4823 sisne
1063 4778 1128 4820 usus
1144 4766 1202 4829 luit,
1222 4768 1335 4832 epistola
1360 4768 1499 4824 urtdeeitus
1522 4769 1569 4825 lita.
1590 4784 1616 4822 ts
1629 4778 1658 4824 et
1670 4771 1764 4838 prinae

127 4835 342 4907 supplicationes,
354 4850 410 4904 quet
417 4851 517 4904 scopes
527 4837 923 4904 iunpeiiuutiunssrsndiosusn
977 4838 1023 4892 lib.
1035 4853 1069 4891 uss
1082 4837 1181 4892 indicat
1196 4855 1203 4892 s
1219 4837 1341 4894 Alcitnus
1360 4841 1470 4905 oritus,
1484 4839 1619 4895 secuudus
1631 4851 1690 4908 pust
1702 4856 1763 4894 crsrn

133 4905 249 4960 elicitum
260 4905 458 4959 dedetobussttsr:
468 4907 502 4960 od
511 4923 584 4974 qens,
598 4916 624 4959 ul
637 4904 921 4976 nibilompliusdicem‚
976 4904 1137 4963 Viennensis
1146 4907 1299 4977 episcopus,
1316 4908 1341 4962 in
1355 4902 1463 4963 bomilia
1497 4925 1556 4963 uam
1573 4910 1606 4963 rle
1620 4906 1772 4981 rrrgatlonls'

130 4976 216 5046 siqrrlo
231 4976 329 5047 perito
347 4976 586 5031 dlottllostonsoss
605 4975 924 5046 oportuiseonsenlre.-1n
977 4977 1476 5051 busltabuittdreqorius‘l'uronensls
1510 4979 1764 5047 iet.lirnnc.,lllr.n,

134 5049 176 5100 bis
189 5053 459 5117 assumendorum
482 5048 551 5115 letes
564 5058 679 5102 ιιιιιιιιιιιι
694 5047 815 5101 sacerdos
828 5054 852 5101 et
866 5062 927 5119 pro·
978 5063 1038 5117 esp.
1053 5048 1098 5115 ol,
1112 5058 1166 5104 ete,
1180 5049 1257 5115 Quod
1272 5050 1361 5114 iisque
1373 5049 1504 5104 adsersus
1517 5053 1590 5104 laune
1604 5052 1763 5106 ilementum

133 5117 195 5171 tttlt‘t
206 5114 462 5188 mluocutoiit,
474 5120 620 5190 idoneior,
636 5125 736 5183 orales,
749 5118 888 5187 pedones,
900 5126 927 5174 ct
978 5120 1120 5176 sanctitate
1133 5119 1271 5190 insignem
1297 5119 1404 5174 llilarus
1428 5120 1544 5190 pensiles
1565 5123 1613 5174 trac
1635 5124 1765 5189 epistole,

136 5189 224 5259 flues,
236 5194 289 5241 ete.
979 5192 1054 5260 quasi
1068 5189 1184 5244 alienam
1195 5190 1410 5262 jurisdictionem
1426 5191 1517 5245 illicite
1533 5194 1683 5258 tremuerit,
1698 5193 1768 5247 arico

173 5256 252 5314 Unde
261 5258 625 5327 patetsanctntn'llamertun
636 5259 792 5329 episcopum
808 5273 860 5313 non
874 5267 928 5316 lasa
980 5261 1156 5316 vehementer
1169 5262 1328 5328 insurrexit,
1343 5275 1397 5317 non
1411 5270 1452 5315 est
1466 5261 1575 5316 mirum.
1586 5262 1768 5328 Qatnnercias

138 5328 286 5383 instituisse
298 5342 379 5396 quam
392 5329 642 5386 restituissesacras
657 5328 930 5399 roqstlones,easquo
980 5344 1055 5400 stepe
1064 5330 1187 5386 accidere
1197 5341 1226 5387 ut
1240 5330 1313 5386 ialsis
1324 5332 1538 5387 accusationibus
1550 5342 1578 5387 et
1588 5334 1769 5399 subreptioni-

138 5399 166 5451 in
179 5396 314 5453 meliorem
326 5399 599 5454 lurnamreduslsse
612 5400 711 5454 flartlm
721 5400 798 5454 'enim
815 5401 932 5471 rogatio·
982 5402 1033 5456 bus
1046 5416 1126 5456 aures
1137 5402 1291 5471 pontillcum
1304 5402 1573 5472 repleantur,etcurn
1583 5412 1675 5468 putant
1687 5418 1768 5474 agero

137 5482 203 5524 num
223 5467 407 5524 tsldosnerutn
424 5478 488 5526 anm
506 5470 704 5526 ascensionem
730 5471 836 5524 bomini
853 5475 931 5527 toste·
982 5471 1054 5542 quod
1067 5471 1168 5540 lustum
1184 5483 1322 5541 appareat,
1334 5475 1504 5528 innocentem
1516 5474 1661 5544 exagitant.

137 5539 212 5594 brari
223 5539 363 5594 sobtsrsm
378 5549 487 5594 sanutus
502 5542 669 5611 sequestras
682 5542 774 5595 inultis
785 5542 862 5595 annis
877 5542 932 5596 lla·
1017 5541 1093 5610 Quod
1108 5542 1206 5598 accidit
1219 5543 1303 5600 Leoni
1322 5544 1441 5613 pontillci
1460 5547 1630 5600 mttctissirno
1642 5547 1668 5596 ln
1688 5557 1768 5603 ceram

136 5621 227 5664 merto
239 5611 359 5664 anterior
371 5612 494 5665 meminit
507 5624 632 5667 sermone
643 5613 714 5674 llo,
731 5611 765 5665 de
778 5611 930 5680 Tempore,
983 5613 1075 5667 ililssii
1084 5615 1256 5681 Arelatensis,
1265 5614 1310 5684 qui
1320 5616 1431 5684 epistola
1443 5616 1488 5681 llll,
1502 5617 1632 5670 acerrime
1642 5614 1769 5668 innocen.

137 5679 269 5749 invisilia
286 5683 457 5737 emensionis
472 5698 480 5735 t
493 5681 568 5738 sstre
581 5681 711 5748 deuterus,
727 5683 824 5752 inquis,
844 5693 868 5737 st
888 5680 931 5737 irs-
980 5694 1038 5739 tem
1053 5685 1220 5753 perstrinxit,
1236 5685 1305 5741 idem
1317 5700 1351 5740 ex
1365 5687 1524 5754 obreptione
1538 5686 1628 5739 llltaro
1640 5687 1761 5748 -pontillc

132 5751 265 5835 tellipsrs,
281 5755 372 5836 {tons
385 5753 530 5837 cedreni,
544 5753 605 5826 qais
619 5753 675 5832 «tiss
688 5753 895 5826 compendiosis
907 5763 960 5831 sog.
980 5755 1011 5812 lo
1024 5769 1105 5813 muse
1119 5754 1240 5817 demeti
1253 5757 1385 5817 arcillos
1396 5757 1492 5830 potuis
1504 5756 1569 5815 sss.
1584 5754 1685 5813 Βιιιιιιιι

1028 3926 1054 3978 iis
1079 3938 1131 3978 non
1151 3924 1268 3994 inqttirit.
1295 3927 1412 3980 thdnlas
1433 3929 1498 3980 uelli
1513 3926 1549 3979 'el
1574 3920 1624 3992 pri
1642 3928 1760 3981 essiones
