3810 6254
111 285 164 349 uait

113 491 200 565 minus
214 489 331 559 attinet);
345 503 405 543 cum
427 485 464 540 sis
484 483 564 554 igitur
586 483 722 539 esemine
742 493 842 553 poetae,
858 483 900 537 cui

113 564 205 657 procul
216 583 297 639 dubio
311 591 411 637 statuas
424 578 555 634 dederant
565 578 677 644 litterae,
694 578 716 633 si
732 578 831 633 trabea
846 592 899 632 non

115 679 250 735 dedissent
266 694 274 730 :
294 675 364 745 quod
379 674 458 728 etiam
478 688 549 728 nunc
563 673 680 728 auctoris
694 674 763 726 culta
780 672 901 727 uersibus

114 771 195 825 uerba
211 773 349 830 testantur,
365 779 380 820 a
395 778 448 835 quo
463 763 549 819 studia
565 772 742 835 posterorum,
760 779 793 819 ue
809 779 901 834 parunt

114 858 240 929 quidem,
255 856 352 926 quippe
365 855 393 909 in
409 854 459 910 hac
479 864 569 925 parte,
584 855 836 925 degeneraverunt:
853 855 903 908 irn-

115 963 193 1006 mane
206 956 313 1003 narratu
328 954 380 1011 est,
396 954 523 1016 quantum
542 945 619 1028 133
634 955 755 1014 stupeam
769 944 902 1000 sermonis

117 1048 144 1095 te
157 1037 308 1095 Germanici
319 1037 440 1092 notitiam
456 1044 528 1091 tanta
543 1041 668 1091 ractlttate
680 1037 809 1108 rapuisse.
823 1035 902 1104 arqui

115 1123 256 1201 pueritiam
274 1137 347 1183 tuam
362 1136 544 1197 competenter
558 1126 657 1182 scholis
677 1126 830 1182 liberalibus
844 1141 903 1203 nte·

116 1219 180 1294 tpini
192 1218 335 1286 imbutam,
349 1227 374 1272 ει
385 1232 571 1287 sepenumero
586 1219 682 1272 acriier
696 1217 904 1286 eloquenterque

116 1309 280 1366 declamasse
296 1324 386 1363 ceram
401 1317 523 1375 oratore,
542 1312 607 1364 satis
626 1307 711 1364 haheo
726 1318 903 1378 compertum.

115 1404 204 1472 Atque
219 1402 276 1457 haec
298 1416 358 1456 eunt
379 1401 415 1456 ita
429 1401 499 1467 sint,
525 1401 603 1456 uelim
628 1401 712 1466 dicas,
735 1401 805 1457 unde
818 1401 905 1456 subito

116 1491 265 1550 hauserunt
279 1501 386 1562 pectora
406 1502 451 1546 tua
473 1492 634 1561 euphoniam
652 1493 738 1562 gentis
753 1493 862 1558 alienam
877 1503 906 1549 ιιι

116 1570 199 1642 niodo
212 1583 276 1639 mihi
293 1594 353 1652 post
363 1583 461 1639 lerulas
475 1585 596 1640 lectionis
606 1583 777 1652 llaroniane,
794 1595 905 1654 postque

117 1672 274 1732 desudatam
292 1673 407 1729 varicosi
427 1674 563 1744 Arpinatis
577 1676 740 1744 opulentiam
758 1675 905 1745 loquacita-

732 272 853 332 sinothi
875 267 1098 330 hl’Obblthlils

112 400 265 471 sessionem
284 398 453 471 (quanquam
475 350 500 448 id
522 392 555 447 ad
577 404 684 447 causam
702 389 894 461 subjiciendam
911 390 938 450 Δ

1181 383 1259 457 134
1276 380 1443 440 aristote
1463 378 1506 436 Vl.
1531 455 1536 464 ¹

1094 477 1217 533 Sidonius
1234 487 1245 516 ι
1263 476 1407 546 Apollinari
1419 491 1466 530 suo
1480 472 1597 529 salutem.

984 570 1054 645 ⁸Gttm
1070 570 1184 641 primunt
1203 578 1283 623 astas
1297 568 1411 624 decessit
1431 574 1574 633 autumno,
1597 573 1625 622 et
1643 566 1742 620 Aruer·

954 680 1051 720 norum
1066 664 1146 719 timor
1169 662 1253 731 potuit
1273 661 1465 731 aliquantisper
1486 659 1591 715 ratione
1613 659 1742 728 temporis

954 753 1112 825 temperari,
1127 752 1255 809 Viennam
1268 753 1329 807 veni
1347 769 1355 807 a
1370 751 1416 806 ubi
1426 751 1617 806 Thaumastum
1631 763 1741 818 germa-

953 862 1016 903 nutn
1032 852 1121 910 tuum,
1140 858 1219 913 quem
1240 858 1287 912 pro
1300 842 1358 912 iure
1372 842 1414 895 vei
1429 840 1563 910 sanguinis
1581 839 1622 896 rel
1635 839 1741 906 utatis,

954 939 1099 996 reverenda
1126 936 1304 992 familiaritate
1330 934 1510 1004 complector,
1540 931 1742 988 moestissimum

955 1028 1053 1087 inteni'.
1070 1029 1119 1096 Qui
1135 1041 1285 1098 quanquam
1301 1025 1401 1081 recenti
1416 1024 1537 1079 caelibatu
1553 1021 1691 1094 granditer
1704 1022 1743 1076 al·

956 1123 1103 1187 hciebatur,
1119 1135 1166 1190 pro
1188 1128 1215 1174 te
1234 1126 1324 1173 tamen
1340 1133 1432 1187 parum
1452 1115 1540 1171 minus
1558 1113 1653 1169 anxius
1672 1120 1742 1169 erat.

956 1214 1077 1268 Timebat
1091 1212 1162 1266 enim
1181 1209 1393 1277 verebaturque,
1418 1221 1453 1262 ne
1473 1220 1552 1278 quant
1572 1203 1619 1258 tibi
1642 1203 1743 1258 calum·

956 1306 1027 1361 niam
1042 1302 1120 1360 turbo
1135 1301 1301 1369 barbaricus,
1318 1308 1363 1352 aut
1377 1298 1501 1353 militaris
1511 1294 1684 1352 concinnaret
1694 1293 1744 1349 lnt-

956 1397 1084 1467 probitas.
1102 1394 1221 1463 Namque
1233 1387 1398 1446 cotritrmatd
1411 1390 1538 1459 magistro
1549 1388 1663 1443 militum
1673 1385 1745 1442 Gbil·

957 1489 1064 1558 pericu,
1085 1485 1305 1541 victoriosissimo
1327 1484 1401 1548 tiro,
1420 1483 1507 1539 relatu
1530 1488 1661 1536 uenenato
1680 1493 1746 1550 quo·

957 1580 1088 1650 rumpiam
1107 1579 1298 1634 sceleratorum
1313 1575 1395 1631 luisse
1413 1584 1518 1631 secreto
1532 1573 1746 1638 insusurratum,

958 1683 1002 1729 tuo
1025 1673 1159 1744 praecipue
1180 1670 1349 1736 machinatu,
1369 1679 1381 1707 s
1404 1668 1531 1738 oppidum
1544 1664 1710 1721 Vasionense
1733 1662 1744 1703 t

117 1762 236 1838 temq'ue,
252 1777 265 1805 ²
281 1769 355 1836 quasi
370 1765 384 1805 b
397 1767 430 1822 de
445 1768 547 1823 llilario
559 1779 649 1823 vetere
664 1784 750 1823 nitius
763 1768 830 1824 laico
846 1783 907 1838 pro·
922 1751 945 1811 Β
959 1765 1078 1835 partibus
1097 1765 1159 1819 noui
1174 1762 1300 1832 principis
1319 1760 1457 1832 applicari.
1478 1760 1506 1815 si
1528 1758 1591 1829 quid
1614 1757 1677 1813 hinc
1699 1757 1746 1813 tihi

118 1857 245 1928 rumpas?
259 1856 395 1914 AEstimari
412 1859 521 1914 minime
542 1867 642 1927 potest,
659 1867 758 1925 ttttanto
773 1858 837 1913 mihi
855 1873 907 1914 ειε-
954 1855 1065 1927 'tuisque
1074 1855 1234 1924 suspicionis
1246 1853 1382 1919 incutitur,
1396 1851 1491 1922 raptim
1505 1851 1572 1907 doce
1586 1863 1698 1905 recursu
1710 1848 1747 1904 la·

118 1951 236 2027 tuisque
250 1952 286 2006 sit
304 1951 386 2019 risui,
403 1951 506 2020 quoties
527 1951 624 2017 audio,
644 1950 713 2020 qnod
737 1958 763 2004 te
777 1958 909 2020 praesenta
959 1950 1102 2006 miliarium
1130 1950 1304 2020 paginarum;
1332 1964 1365 2005 ne
1390 1947 1464 2003 tobis
1490 1945 1678 2002 sollicitudinis
1702 1953 1748 2001 aut

118 2041 246 2109 formidet
264 2028 355 2118 lacere·
366 2042 463 2111 linguae
484 2057 539 2097 suae
554 2041 683 2096 barbatus
703 2041 907 2096 barbaristttum.
960 2042 1109 2112 presentiae
1123 2056 1189 2095 mere
1203 2041 1389 2110 opportunitas
1404 2047 1505 2109 pereat.
1523 2037 1601 2092 Gurss
1621 2034 1686 2090 mihi
1702 2050 1748 2105 pe⁴

117 2124 233 2203 ‘astupet
248 2132 295 2210 tibi
310 2132 438 2203 epistolas
456 2134 640 2202 interpretanti
657 2148 737 2187 curta
758 2131 908 2186 Germano·
960 2131 1096 2187 culiariter
1110 2132 1171 2196 erit,
1188 2130 1287 2200 siquid
1304 2139 1391 2185 tamen
1407 2128 1554 2185 cauendum
1570 2125 1747 2191 existimabis,

118 2238 179 2280 rum
193 2232 332 2291 senectus,
352 2232 378 2277 et
392 2224 506 2294 negotiis
521 2225 619 2278 mutuis
639 2225 768 2279 arbitram
783 2234 808 2279 te
822 2224 910 2280 disce·
961 2231 989 2277 ut
1004 2233 1029 2278 te
1044 2221 1123 2278 iaciat
1134 2231 1180 2277 aut
1194 2221 1276 2291 gratia
1292 2221 1432 2290 impetrata
1446 2233 1579 2283 securum,
1595 2224 1642 2271 aut
1655 2214 1748 2286 explo-

118 2324 304 2386 ptatoremquc
315 2315 442 2371 desumit.
455 2317 545 2370 Novus
559 2316 776 2386 burgundionum
791 2316 873 2371 Solon
883 2317 909 2370 in
960 2327 1017 2370 rato
1030 2303 1167 2371 iracundia
1183 2314 1340 2369 cautiorem.
1355 2312 1430 2370 Vale.

118 2405 223 2477 legibus
237 2407 417 2472 disserendis;
433 2422 517 2463 notus
532 2407 666 2477 Amphion
681 2408 707 2460 iu
723 2406 845 2473 citharis,
862 2406 910 2461 sed
1154 2422 1159 2431 ·
1234 2396 1399 2462 EPlSTOLh
1420 2405 1473 2459 Vll.

120 2495 281 2552 tricordibus
295 2497 487 2567 temperandis,
503 2498 612 2565 amaris,
627 2497 816 2566 frequentaris,
831 2512 911 2566 expe-
1109 2496 1234 2551 Sidonius
1248 2495 1404 2551 Thaumasto
1417 2512 1464 2549 erto
1478 2495 1596 2550 salutem.

85 2648 88 2653 ,
120 2587 197 2656 teris,
212 2588 342 2655 oblectas,
358 2589 476 2658 eligeris,
490 2590 636 2656 adhiberis,
649 2591 781 2657 decernis,
798 2591 909 2646 audiris.
999 2595 1182 2666 indagavimus
1199 2593 1322 2659 tandem,
1345 2594 1388 2663 qui
1403 2592 1473 2662 apud
1491 2600 1504 2639 s
1523 2589 1683 2645 renutabam
1703 2604 1749 2646 no-

120 2674 156 2732 lit
167 2691 318 2748 quanquam
332 2694 409 2749 aeque
429 2680 584 2750 corporibus
604 2696 636 2736 ac
655 2694 736 2735 sensu
758 2682 835 2751 rigidi
857 2683 911 2737 sint
962 2694 1045 2741 strum
1060 2685 1180 2756 germani
1197 2687 1244 2750 tui,
1261 2691 1288 2738 ει
1300 2700 1315 2739 ε
1327 2684 1432 2738 diuerso
1447 2682 1578 2754 partium,
1595 2681 1655 2736 nori
1672 2681 1750 2754 135

120 2765 345 2839 indolatilesque,
360 2771 557 2841 amplectuntur
572 2772 598 2826 in
615 2780 641 2826 te
655 2772 753 2841 pariter
768 2780 795 2827 ct
805 2773 912 2828 discunt
964 2777 1092 2846 principis
1106 2777 1237 2831 amicitias
1248 2777 1463 2840 criminaremur,
1478 2776 1499 2829 si
1514 2784 1601 2829 tamen
1615 2774 1695 2827 fidam
1707 2787 1750 2828 so·

120 2871 272 2915 sermonem
289 2861 418 2930 patrium,
435 2878 482 2917 cor
495 2863 630 2919 Latinum.
647 2863 739 2938 Restat
756 2864 806 2919 hoc
818 2880 909 2930 artum,
961 2868 1061 2922 delium
1077 2867 1249 2937 sagacitatem
1266 2866 1430 2922 clandestina
1443 2864 1590 2920 delatorum
1610 2877 1662 2918 non
1676 2862 1751 2919 lelel·

121 2949 162 3005 ιιι·
176 2948 352 3020 facetissime,
368 2963 395 3010 ut
417 2956 501 3012 nihilo
514 2959 637 3029 segnius,
658 2959 698 3013 tel
712 2974 771 3015 cum
789 2959 909 3028 vacabit,
963 2960 1019 3015 lere
1032 2959 1154 3029 uestigia.
1171 2960 1201 3012 ili
1217 2959 1341 3014 nimirum
1357 2965 1428 3021 sunt,
1444 2966 1474 3012 ut
1488 2956 1558 3011 idem
1572 2970 1663 3011 coram
1680 2955 1752 3024 posi·

120 3045 222 3117 aliquid
240 3046 347 3102 lectioni
363 3049 452 3119 operis
466 3050 620 3120 impendas,
641 3038 827 3123 custodiasque
842 3052 908 3118 hoe,
964 3049 1124 3114 insonuisti,
1138 3065 1204 3118 quos
1217 3064 1246 3104 se
1257 3050 1312 3119 jam
1328 3048 1426 3104 dudum
1438 3046 1540 3117 perpeti
1553 3049 1623 3102 inter
1635 3045 1752 3101 clemen·

120 3145 203 3204 prout
223 3151 253 3192 es
275 3139 504 3207 elegantissimus,
528 3151 784 3213 temperamentum,
811 3157 839 3198 ut
862 3145 911 3198 ista
925 3111 949 3175 c
965 3143 1047 3197 tiores
1071 3141 1198 3197 barbaros
1221 3141 1305 3195 Gallia
1327 3141 1418 3211 gemit.
1444 3138 1475 3193 lli
1491 3148 1551 3194 sunt
1574 3152 1641 3207 quos
1660 3137 1754 3194 timent

122 3226 171 3282 tibi
185 3226 273 3295 lingua
290 3237 422 3298 terreatur,
448 3246 481 3286 ne
496 3232 623 3298 ridearis;
638 3233 681 3287 illa
700 3244 867 3294 exerceatur,
885 3242 913 3289 ut
965 3235 1044 3290 etiam
1066 3234 1110 3304 qui
1126 3235 1262 3289 timentur.
1284 3233 1316 3288 lii
1339 3241 1401 3289 strat
1415 3247 1481 3302 quos
1507 3232 1565 3287 ham
1583 3230 1753 3300 peculiariter

122 3316 222 3375 rideas.
237 3317 312 3374 i'aic.

122 3604 193 3660 libr
212 3606 385 3676 epistolarum
408 3611 547 3681 Syagrium
572 3612 708 3668 consulem
734 3623 807 3668 trans
830 3615 911 3683 ilipcs

122 3673 259 3732 habitasse
272 3679 418 3749 siguificat,
435 3680 468 3735 de
484 3681 611 3750 Lugduno
627 3684 826 3753 intelligendum
840 3695 890 3740 est.

159 3754 173 3783 ¹
186 3745 281 3801 Petrus
303 3747 410 3804 Goluius
422 3766 454 3803 ex
467 3767 517 3805 ms.
533 3750 746 3808 Glaromoutensl
763 3771 771 3808 ι
787 3759 860 3824 quasi
880 3756 911 3808 de

123 3813 234 3886 spansa
247 3829 326 3872 uetere
338 3837 416 3874 nouus
428 3819 532 3875 Frartco
546 3823 717 3888 prorumpas?

966 3326 1102 3396 provincia
1114 3335 1205 3382 manet
1216 3325 1316 3382 inierro
1328 3319 1490 3393 calumnias,
1497 3324 1603 3380 delerre
1613 3337 1755 3393 personas,

965 3613 1077 3679 gistrum
1093 3612 1155 3667 item
1174 3611 1286 3666 militum
1302 3612 1433 3681 appellat,
1448 3612 1474 3665 iu
1495 3608 1608 3680 epistola
1623 3607 1656 3664 ad
1670 3608 1756 3665 Lcou·

966 3686 1031 3738 tium
1045 3684 1197 3751 episcopatu
1212 3683 1405 3738 arelatensem.

1002 3763 1014 3790 ε
1035 3753 1110 3820 Quod
1133 3752 1213 3807 Vasio
1238 3754 1425 3808 Vocontiorum
1455 3750 1602 3818 Pomponio
1629 3749 1705 3806 blein
1729 3759 1756 3805 et

965 3824 1067 3890 Plinio,
1089 3826 1207 3878 olarios
1224 3823 1379 3879 Ptolemaeo.
1406 3821 1539 3877 Posterior
1559 3828 1624 3875 aetas
1638 3819 1756 3877 vasense

157 3883 304 3968 δ,διειίιιιί
320 3891 460 3959 plerique:
476 3891 720 3949 aliiuuriehariiao
738 3895 779 3949 rei
795 3894 906 3961 herilia,
965 3895 1032 3948 dixit
1055 3908 1104 3963 pro
1121 3893 1288 3947 Vasionensi.
1313 3893 1366 3949 Sed
1385 3892 1573 3947 Vocontiorum
1601 3891 1668 3947 lines
1692 3892 1754 3945 olim

123 3961 153 4011 ιιι
167 3955 274 4012 dtiilcile
286 3960 319 4012 sit
334 3971 450 4015 statuere
462 3962 524 4032 quid
540 3965 704 4029 potissimum
717 3966 855 4035 scripserit
870 3966 911 4019 Si·
966 3965 992 4018 in
1017 3965 1152 4029 protittcia
1173 3962 1318 4017 Viennensi
1349 3963 1476 4018 latissime
1499 3968 1649 4029 patuerunt.
1676 3960 1755 4017 Plinii

122 4025 228 4082 (ionius.
245 4034 344 4085 Sensus
359 4040 411 4095 est,
428 4031 463 4086 Ut
476 4034 590 4088 videaris
602 4035 666 4088 mihi
681 4051 711 4088 eu
726 4036 767 4088 ari
784 4035 866 4099 patria
883 4035 911 4088 in
967 4036 1046 4088 rerba
1061 4044 1123 4087 suut
1140 4035 1185 4087 hh.
1201 4050 1243 4098 ιιι,
1258 4049 1316 4101 rap.
1330 4035 1366 4088 i:
1386 4032 1568 4086 Vocontiorum
1582 4031 1689 4084 ciuitatis
1708 4031 1755 4100 {rs-

123 4097 255 4151 eroticam
277 4114 407 4166 mitratus,
433 4118 466 4155 rx
481 4102 580 4157 Gallica
598 4107 622 4158 iu
638 4105 833 4158 Germanicam.
851 4105 912 4158 l‘ari
967 4106 1060 4158 derare
1079 4106 1129 4158 dito
1145 4105 1245 4173 capita,
1266 4103 1344 4158 Vasio
1361 4112 1384 4156 et
1405 4101 1490 4155 tacta
1508 4103 1616 4173 Augurii
1630 4117 1641 4155 .·
1658 4103 1755 4173 oppidu

124 4165 253 4248 elegantia
270 4168 391 4223 lttrricius
412 4171 457 4228 lib,
471 4188 495 4233 t,
517 4174 594 4239 epist.
611 4175 673 4227 Sari
693 4175 864 4240 imperium,
878 4189 912 4226 cx
967 4189 1023 4227 uero
1037 4175 1157 4243 ignobilia
1174 4174 1215 4228 lii.
1232 4177 1265 4228 ht
1279 4175 1341 4227 Luci
1356 4173 1436 4228 hodie
1457 4188 1552 4226 nonteu
1573 4172 1717 4226 obscurum
1730 4180 1757 4227 ει

123 4235 225 4290 Arione
237 4238 262 4289 in
276 4239 410 4306 Orpheum
423 4251 532 4308 repente
544 4244 638 4295 mutari
651 4243 727 4300 dixit.
740 4258 787 4309 pro
798 4259 830 4296 co
841 4244 910 4310 quod
964 4243 1018 4310 jam
1040 4245 1103 4297 olint
1124 4259 1138 4297 a
1161 4243 1234 4297 Vaitii
1251 4243 1367 4298 Valentis
1389 4244 1505 4297 exercitu
1527 4242 1652 4296 incendio
1666 4241 1757 4296 delor-

124 4312 180 4369 εει,
195 4306 302 4359 dortmn
321 4309 408 4361 subito
423 4309 478 4364 lieri
497 4325 529 4363 cx
544 4314 654 4364 rustico.
674 4313 729 4383 55
741 4313 857 4376 Scilicet,
875 4313 915 4364 iu-
967 4323 1066 4366 matum
1085 4322 1177 4366 narrat
1189 4314 1296 4369 Tacitus
1317 4314 1365 4368 lib.
1386 4329 1394 4367 t
1413 4313 1546 4368 ilistoriae.
1565 4311 1669 4365 Clarior
1688 4312 1756 4366 lama

124 4375 192 4454 quit,
208 4382 259 4454 tatu
271 4378 459 4431 contreetadinis
470 4381 684 4446 ntereimntenror,
696 4399 774 4450 quam
786 4381 915 4434 rusticita·
968 4383 1041 4435 urhis
1057 4384 1182 4448 licensis,
1199 4399 1257 4451 qum
1276 4383 1385 4438 Citlonia
1408 4383 1459 4437 Dea
1480 4385 1596 4451 bagusta
1613 4381 1756 4436 Vocontio-

124 4452 157 4496 trs
166 4442 273 4523 altitius,
288 4448 362 4514 quasi
373 4462 405 4500 ee
418 4447 512 4499 Arione
529 4450 555 4502 ia
572 4449 700 4519 Orplteant
717 4462 818 4520 repente
835 4423 954 4503 nitria-D
967 4467 1025 4505 runt
1037 4453 1134 4507 dicitur
1145 4454 1172 4507 in
1188 4453 1275 4522 lapide
1290 4454 1446 4508 arelatensi.
1460 4452 1520 4507 Fuit
1533 4461 1561 4506 et
1573 4451 1647 4506 llotts
1659 4451 1756 4506 Seleu·

124 4522 182 4578 tus,
200 4512 275 4565 eelim
300 4513 471 4570 disertissimis
491 4520 592 4571 out-ihus
613 4520 663 4572 tatia
683 4536 726 4573 ore
745 4522 848 4590 garritio
866 4536 915 4574 riou
966 4536 1013 4575 rus
1036 4522 1105 4577 inter
1129 4523 1226 4592 oppida
1248 4523 1451 4587 Vocontiorum,
1474 4522 1658 4591 Magnentiana
1679 4521 1756 4576 clade

124 4588 178 4635 tam
190 4582 316 4650 officiosus
325 4601 401 4654 qaam
412 4587 553 4657 injuriosus
563 4589 680 4643 existere.

160 4661 173 4690 ⁸
189 4652 343 4708 Titauutasti
360 4656 444 4717 lratri,
460 4656 561 4713 Sidonii
572 4661 781 4729 crtnsanguineo.

160 4718 406 4803 “burgundionum
427 4726 500 4793 regi,
521 4728 643 4784 Clotildis
662 4741 776 4793 nostre,
798 4739 828 4784 ut
843 4745 913 4796 teor,

124 4799 204 4861 patrt.
226 4793 344 4859 Quatuor
367 4795 417 4849 hoc
442 4806 561 4866 tempore
584 4799 815 4867 burgundionibus
840 4816 915 4870 reges

121 4863 301 4931 imperabant,
321 4864 518 4929 Gtrndobaldus,
534 4868 736 4939 Gundegisclus,
750 4871 916 4939 ciittperieus

124 4941 152 4986 ει
174 4930 377 5001 Garndontarus,
400 4933 556 5002 Gundeuci,
582 4950 610 4992 ιιι
631 4941 791 5007 Gregorius,
814 4942 859 4994 hh.
879 4957 914 5005 ιι,

125 5013 185 5083 cap3
200 5002 245 5066 28,
261 5004 353 5071 docet,
370 5005 433 5068 lilii,
456 5007 513 5073 ejus
536 5009 580 5077 qui
601 5021 659 5077 post
676 5011 865 5065 Gtrttdicariuut
881 5013 914 5068 ab

125 5073 204 5125 Aetio
218 5086 334 5141 cresum,
354 5089 464 5144 reguum
482 5078 597 5132 obtinuit
616 5095 676 5134 cum
697 5083 782 5135 altero
804 5079 914 5148 Chilpc·

124 5141 183 5220 rico
197 5142 277 5195 lratre
291 5159 298 5196 :
313 5159 426 5212 qnorum
441 5148 562 5201 merrtirtit
573 5148 721 5205 lornandes
733 5153 759 5205 in
772 5151 853 5205 teitus
864 5152 916 5206 Ge-

125 5210 195 5292 ticis.
212 5209 301 5292 ltaque
324 5215 422 5283 ambigi
444 5231 533 5283 posset
557 5219 590 5273 tie
612 5229 671 5274 utro
689 5221 839 5291 Chiipetico
854 5230 914 5290 agat

124 5279 262 5345 Sidonius,
275 5282 325 5335 rusi
337 5284 448 5351 epistola
457 5291 576 5356 sequenti
589 5292 747 5345 tetrarcham
757 5292 912 5359 appellaret,

124 5357 239 5418 quatuor
253 5351 349 5405 iratres
367 5352 509 5423 designans
524 5359 567 5426 qni
583 5360 660 5414 simul
678 5363 833 5430 regnabant.
855 5361 912 5416 iarn

123 5421 195 5490 quod
216 5421 395 5488 Cltilperieuut
410 5423 479 5478 hunc
495 5442 547 5479 nott
562 5443 668 5498 regern,
691 5432 737 5484 sed
759 5434 912 5499 magistrum

124 5490 238 5572 militurn
252 5499 340 5558 uocat,
352 5507 384 5547 eo
397 5507 472 5548 more
483 5494 555 5557 lacit,
570 5514 622 5566 quo
632 5499 828 5569 sigismundum
840 5501 914 5556 Gun-

124 5559 229 5615 dobaldt
256 5562 337 5616 lilium
363 5561 481 5617 hlcimus
504 5568 597 5621 Avitus
622 5571 783 5638 patricium,
807 5570 913 5627 lliiarus

901 4615 903 4623 ι
967 4592 1083 4646 rtobilis:
1099 4595 1145 4647 seri
1160 4593 1236 4660 cuius
1249 4607 1346 4648 nomen
1364 4593 1433 4661 apud
1452 4606 1546 4648 omnes
1560 4590 1646 4646 lerme
1659 4590 1757 4661 depra-

967 4671 1056 4717 vatum
1072 4672 1123 4719 est.
1139 4662 1205 4717 Natu
1222 4664 1291 4731 atiud
1314 4662 1451 4718 Socratem
1473 4663 1670 4722 massanissae
1688 4662 1756 4732 legi·

968 4739 1021 4798 tur,
1038 4733 1108 4803 apud
1128 4732 1305 4789 Stiaomenum
1325 4725 1551 4794 uoarrmrhrosoea
1572 4731 1636 4786 aiihi
1656 4737 1755 4809 ιιοῦρις

968 4805 1083 4863 abrasae
1102 4821 1109 4855 ε
1128 4818 1189 4857 tera
1210 4802 1355 4872 appellatio
1377 4816 1456 4872 quant
1480 4801 1594 4858 Historia
1609 4799 1755 4865 Tripartrta

968 4875 1080 4937 retinet,
1097 4873 1171 4927 lions
1184 4873 1304 4938 Seleuci,
1320 4872 1420 4926 Lucum
1439 4873 1508 4926 iuter
1521 4878 1550 4926 et
1569 4869 1637 4924 fines
1649 4869 1757 4926 Vocon-

967 4943 1078 5009 tiorum,
1101 4959 1132 4996 ac
1151 4943 1309 5010 Vapincttm,
1336 4953 1364 4995 ιιι
1386 4957 1419 4995 ex
1440 4940 1584 4995 itinerariis
1608 4937 1710 4995 AEtbtct
1724 4955 1757 4995 aa

966 5012 1149 5082 burdigalensi
1169 5013 1260 5068 uidere
1278 5024 1327 5067 est.
1349 5011 1439 5065 Tridui
1463 5011 1522 5079 pius
1546 5009 1634 5065 minus
1657 5009 1757 5066 itincre

966 5082 1042 5136 abest
1063 5083 1201 5153 lugduno.
1220 5084 1308 5150 Qttare
1327 5082 1359 5136 ad
1382 5090 1499 5135 moutarn
1512 5079 1616 5135 Seleuci
1637 5079 1757 5135 releren-

966 5153 1027 5277 lhbm
1043 5165 1084 5208 est
1099 5153 1169 5221 quod
1184 5153 1280 5207 llarsas
1301 5154 1350 5206 hac
1372 5151 1398 5205 in
1423 5161 1498 5220 parte
1519 5150 1611 5204 tribuit
1628 5147 1757 5206 Socrates

978 5243 983 5273 ι
1005 5238 1054 5286 .ιι,
1068 5239 1098 5278 ca
1120 5225 1187 5278 λι.

1004 5290 1014 5329 ¹
1031 5293 1089 5347 Non
1101 5238 1212 5347 ¹dubium
1226 5294 1288 5362 quin
1302 5306 1398 5348 trorum
1412 5291 1558 5362 principem
1571 5289 1697 5360 appellet,
1710 5290 1757 5361 qui

965 5360 1058 5417 lionae
1074 5371 1191 5432 caeperat
1211 5364 1341 5432 imperare
1358 5363 1428 5416 :sed
1450 5375 1591 5431 quemnam
1607 5359 1757 5430 intelligat,

965 5432 991 5487 iu
1012 5440 1083 5487 tanta
1100 5433 1247 5501 principum
1270 5447 1329 5502 que
1350 5441 1404 5486 tum
1429 5431 1520 5500 paucis
1542 5430 1619 5485 armis
1636 5430 1756 5500 accidit,

964 5501 1111 5556 mutatione
1125 5509 1152 5556 et
1166 5501 1293 5556 varietate
1308 5517 1360 5556 non
1375 5500 1469 5571 liquet.
1530 5504 1533 5510 ’

1000 5580 1013 5618 ⁸
1028 5570 1223 5641 chilpericum,
1234 5573 1277 5640 qui
1291 5571 1412 5642 Lugduni
1430 5584 1519 5626 rertrm
1533 5569 1696 5640 potiebatur,
1712 5571 1757 5628 di·

160 5643 192 5698 pa
205 5629 380 5687 Gunduicium
394 5648 441 5688 scu
460 5631 651 5704 Gundeucunt,
667 5652 725 5705 aut,
748 5649 776 5694 ut
787 5650 828 5694 est
841 5642 912 5711 apud
963 5641 1021 5698 uiso
1034 5649 1098 5697 tutto
1113 5642 1138 5695 in
1151 5649 1266 5710 quatuor
1279 5657 1361 5716 regnu
1374 5640 1592 5714 Burgundionum
1606 5640 1735 5721 irnperio,

122 5642 296 5766 fflrnandern,
311 5701 476 5760 Gundia'oum
492 5706 586 5763 borum
601 5719 714 5778 quatuor
727 5719 845 5777 patrem,
856 5727 911 5768 nra·
