3810 6254
1440 275 1533 289 unu...
1552 281 1571 293 ‹-
1593 285 1620 295 ,ἡ
1638 286 1673 300 u-

125 339 177 399 tlt
602 335 648 395 bu
666 327 925 394 subsecutionis
944 327 1140 391 VANDAUOE
1158 331 1224 396 tle.
1243 331 1288 405 t..
1699 335 1753 399 Μ

126 442 190 508 ιιιιι.
205 447 254 509 Coi
265 450 348 508 trater
362 451 446 520 alius,
463 457 584 507 metuens
599 465 633 507 ue
648 449 726 506 iidem
742 442 1036 521 prosequuntur
1052 454 1245 505 tormentorum
1258 447 1358 519 poterit
1373 445 1751 520 edbueqnerestlmdie

81 588 86 594 .
126 540 269 612 suspendio
278 540 691 609 clmnabatrlioli,noti,lratcr;
704 536 912 609 uonitaiursni·
962 550 1016 606 que
1029 537 1155 607 positair
1170 541 1486 623 promptodemoustrat·
1499 541 1649 603 messim
1659 543 1749 601 masi·

126 651 183 692 mus
195 632 313 690 Cluisto.
326 634 466 692 amesabo
477 642 569 690 tecum
581 631 911 700 autetironumejuster·
962 624 1026 693 bus,
1039 626 1107 683 slios
1120 629 1179 685 s'me
1201 629 1300 695 oeulis,
1323 630 1392 689 alios
1410 630 1514 704 absque
1535 630 1662 704 pedibus,
1679 631 1749 693 allos

126 725 231 782 ribilem
245 725 398 781 venerimus
411 742 418 778 ι
430 723 491 794 quia
513 737 594 792 super
607 737 705 793 corpus
725 721 786 791 cius
803 729 831 776 et
846 734 911 777 san·
963 726 1076 775 muncos
1096 719 1206 777 naribus
1224 722 1386 793 auribusque
1408 723 1542 796 intendas,
1559 723 1613 798 H
1626 726 1750 799 aliosque

75 842 80 849 ·
126 816 232 886 potinem
246 815 397 887 juravimus
418 824 448 871 ut
465 830 513 886 pro
531 829 564 871 eo
577 813 665 886 ibor..
681 811 772 885 simul]
793 813 908 868 inuicem
962 810 1054 868 videas
1068 812 1425 885 nimiosuspeudiospatubs
1439 816 1488 889 iul,
1501 815 1750 890 smptdisisruisis,

126 908 265 980 patiamur.
281 908 334 964 ista
350 909 444 965 dicem
454 916 485 964 et
493 907 546 962 alta
566 906 658 972 oraim,
670 904 832 961 eouiorlanit
848 916 911 975 per·
962 912 1055 975 caput,
1074 904 1146 977 quod
1168 903 1289 963 etninere
1302 906 1416 974 solebat,
1439 906 1468 963 is
1481 907 1571 965 medio
1582 908 1752 979 copularum

126 1014 232 1057 umurrm
253 998 287 1055 ad
303 999 423 1069 prelium
443 997 588 1070 passionis,
611 997 656 1067 qui
669 996 789 1051 clamans
808 991 909 1066 inqeuti
963 995 1047 1055 luisse
1064 997 1229 1067 demersum,
1250 997 1316 1057 dura
1332 999 1432 1070 iupiter
1449 997 1478 1059 io
1490 997 1611 1073 aitiriut.
1631 1000 1750 1075 sedibus]

126 1089 387 1162 rocediccbatriot.
401 1087 516 1162 Adicite]
533 1087 646 1159 Adiqete
661 1085 801 1158 suppliciis
814 1084 913 1157 quibus
964 1087 1067 1145 edibus
1090 1089 1238 1159 suspendio
1257 1090 1423 1161 madentes,
1444 1091 1604 1161 impulsione
1624 1077 1751 1154 manuum

127 1184 223 1253 ruitis,
252 1194 282 1241 ct
306 1183 393 1256 poeois
419 1180 587 1238 Christianos
611 1185 715 1235 motato
733 1177 910 1235 crudelibus:
964 1178 1072 1234 tutttbns
1086 1179 1202 1251 agitatis,
1222 1194 1270 1253 per
1286 1195 1399 1241 vacuum
1419 1195 1509 1240 aerem
1524 1181 1576 1242 bue
1589 1182 1749 1256 atqueilluc

126 1276 195 1346 quod
213 1275 297 1332 trater
312 1288 388 1330 meus
401 1272 522 1329 tacturus
541 1281 593 1340 est,
615 1269 670 1327 boc
681 1283 731 1341 epo
747 1269 830 1326 ctiam
850 1281 909 1339 aqo.
964 1269 1097 1327 iaciebant
1112 1271 1202 1342 urgan
1216 1271 1376 1345 pendentes.
1391 1273 1442 1343 Qui
1458 1287 1648 1344 nonnusquam
1660 1274 1750 1333 disru-

126 1366 237 1433 Qoantis
249 1365 307 1435 jam
333 1363 439 1419 laotiois
461 1362 555 1434 ignitis
573 1360 664 1418 adusti
689 1368 766 1429 erut,
786 1359 913 1433 qualibus
964 1363 1019 1436 ptis
1031 1363 1143 1421 lonilns
1154 1365 1190 1423 de
1205 1365 1250 1424 illa
1263 1366 1407 1425 altitudine
1424 1367 1621 1438 suspensionis,
1638 1367 1693 1425 ictu
1705 1381 1751 1422 ra·

127 1455 354 1528 uirquliserarati.
365 1452 635 1527 quibusmuciatibus
646 1451 724 1519 torti,
738 1465 782 1507 res
796 1452 852 1521 ipsa
864 1448 912 1506 do·
965 1457 1020 1515 lido
1042 1467 1210 1525 corruentes,
1229 1459 1337 1531 plurimi
1355 1473 1445 1519 arcem
1464 1459 1568 1519 cerebri
1583 1474 1644 1517 cum
1664 1458 1750 1519 oculis

127 1557 176 1616 cct,
193 1548 263 1619 quod
278 1563 328 1606 eos
341 1548 394 1618 ipsi
410 1541 555 1602 torto‘resa
576 1559 625 1602 sua
640 1542 709 1604 tacte
727 1544 911 1617 projecerunt,
964 1548 1130 1605 amiserunt:
1142 1549 1187 1605 alii
1202 1548 1344 1609 contractis
1356 1550 1463 1608 ossibus
1483 1550 1606 1623 spiritum
1622 1548 1749 1606 continuo

127 1641 244 1698 diceutes
259 1659 267 1695 z
280 1641 349 1698 istos
360 1640 479 1695 imitatur
490 1639 631 1695 uniuersus
642 1637 766 1710 populus,
783 1638 913 1695 utnullus
967 1637 1152 1708 reddiderunt,
1166 1639 1212 1697 alii
1227 1649 1286 1708 post
1298 1640 1406 1711 paulum
1421 1640 1624 1699 exhalaverunt.
1641 1639 1693 1696 Sed
1705 1638 1751 1711 qui

127 1733 158 1788 ad
178 1742 298 1789 nostram
311 1731 471 1804 religionem
485 1728 594 1802 penitus
605 1737 790 1795 concertatum
804 1737 830 1787 et
843 1744 913 1800 pre·
966 1728 1018 1787 boc
1042 1729 1194 1789 fabulosum
1217 1741 1304 1804 putat,
1320 1741 1332 1770 t
1347 1732 1475 1791 Uraoium
1495 1733 1611 1793 Zenonis
1634 1732 1751 1804 legatum

127 1826 203 1894 cipue
216 1825 277 1893 quia
297 1823 365 1879 nulli
382 1822 495 1890 livores,
512 1820 587 1878 nulla
607 1835 746 1892 peoarum
759 1820 871 1893 uestigia
884 1819 915 1875 in
927 1813 954 1877 B
965 1819 1121 1893 interroget,
1136 1825 1164 1878 ln
1184 1822 1261 1894 cujus
1275 1826 1418 1895 presentia
1434 1826 1568 1896 precipue
1585 1833 1660 1898 qesta
1672 1834 1750 1891 sunt;

127 1915 164 1970 eis
180 1913 466 1983 penitueridebaotur.
962 1913 1008 1970 illa
1031 1914 1134 1973 scilicet
1148 1928 1240 1982 causa,
1262 1917 1324 1987 quia
1343 1919 1455 1975 ueniens
1477 1917 1664 1989 Carthaginem
1688 1933 1750 1975 sese

137 2054 145 2069 ,
160 2004 203 2059 vl.
220 2004 289 2059 lliro
302 2004 366 2075 fides
380 2001 574 2075 Tpposemiuru.
586 2002 685 2076 lapsos
697 2002 862 2059 miraculum.
873 2032 909 2045 -
963 2008 1012 2080 plo
1025 2007 1181 2065 detersione
1192 2008 1366 2065 ecclesiarum
1383 2009 1575 2067 catholicarum
1589 2011 1695 2069 soniste
1707 2011 1750 2080 ja·

127 2097 152 2155 lu
170 2107 184 2136 ι
201 2096 347 2169 ippaseosi
366 2110 431 2152 reru
455 2094 526 2167 quod
549 2105 655 2166 gestum
676 2102 719 2151 est
742 2094 909 2152 blauritanie'
962 2099 1062 2156 ctabat.
1085 2099 1118 2156 Et
1139 2107 1169 2155 ut
1181 2097 1219 2155 itti
1239 2101 1393 2157 ostenderet
1414 2108 1543 2173 tyrannus
1560 2118 1590 2160 se
1613 2104 1747 2159 nemmem

127 2193 232 2263 majoris
247 2192 356 2248 ciuitate
366 2189 400 2246 ad
411 2187 516 2245 laudem
528 2186 575 2243 bei
587 2188 725 2243 insinuare
737 2186 908 2245 festinemus.
963 2190 1118 2259 formidare,
1135 2192 1161 2247 io
1178 2192 1230 2247 iltis
1242 2192 1337 2262 plateis
1349 2192 1391 2250 vel
1406 2191 1472 2249 vicis
1486 2194 1575 2264 plures
1590 2202 1706 2250 tortores
1719 2202 1749 2249 et

128 2287 192 2341 bum
214 2298 270 2340 sue
291 2283 392 2341 ciuitati
416 2282 545 2338 brianum
568 2280 723 2352 episcopum
748 2295 781 2336 er
806 2281 911 2336 notario
962 2283 1128 2340 crudeliores
1137 2282 1241 2351 statuit,
1253 2283 1280 2339 in
1293 2282 1388 2354 quibus
1402 2282 1496 2354 legatis
1509 2284 1591 2340 moris
1601 2294 1643 2341 est
1654 2297 1748 2341 asceu-

127 2375 248 2448 icprilae
266 2376 299 2432 ad
312 2373 462 2447 perdendas
483 2374 586 2430 animas
604 2372 756 2429 ordinatum
770 2371 910 2438 uidissent,
963 2374 1051 2431 dendo
1064 2374 1097 2430 ad
1113 2375 1240 2445 palatium
1255 2382 1281 2430 et
1295 2372 1482 2433 descendendo
1501 2373 1616 2433 transire
1631 2390 1638 2427 ε
1653 2372 1685 2428 ad
1702 2387 1748 2445 op·

127 2468 211 2524 omois
223 2466 303 2523 simul
316 2465 413 2522 ciuitas
428 2463 568 2545 evectione
585 2463 673 2519 nauali
688 2464 721 2520 de
744 2464 864 2535 proximo
876 2462 910 2518 ad
963 2466 1100 2540 probrium
1115 2466 1241 2523 uidelicet
1255 2465 1339 2535 ipsius
1359 2464 1522 2536 reipublice,
1547 2474 1575 2521 et
1589 2465 1673 2523 nostrl
1693 2463 1749 2533 iam

129 2561 281 2630 llispaoiam
294 2557 426 2630 conlegit,
449 2556 550 2613 relictis
564 2556 733 2629 paucissimis
746 2554 792 2627 qui
809 2555 911 2611 aditum
962 2560 1111 2617 deficientis
1126 2558 1255 2627 temporis
1270 2558 1376 2614 iucem.

127 2668 175 2705 ooo
192 2652 349 2706 invenerant
360 2648 513 2720 navigandi.
533 2647 606 2717 Quos
623 2647 785 2703 orianorum
804 2647 911 2718 episco-
999 2651 1065 2705 viil.
1082 2649 1208 2705 llutrouoe
1219 2649 1359 2705 easttlomis
1370 2650 1524 2705 coustumia.
1538 2648 1657 2705 -Tuno
1668 2649 1748 2721 iqitur

129 2757 174 2811 pus
195 2743 282 2810 primo
305 2738 513 2806 blandimentis,
536 2746 628 2809 postea
651 2738 730 2793 minis
748 2737 912 2808 compellere
963 2741 1124 2813 etquedam
1142 2754 1210 2796 uror
1233 2739 1370 2810 ottjosdam
1393 2741 1521 2797 cellarite
1548 2740 1619 2810 regis
1641 2740 1749 2796 uomiuo

128 2832 216 2901 coepit,
233 2839 263 2885 ut
277 2845 323 2887 eos
339 2829 440 2885 laceret
451 2829 575 2884 Arianos.
593 2828 646 2884 Sed
662 2828 744 2885 iortes
760 2830 786 2884 io
798 2827 912 2884 Domino
966 2829 976 2869 i
995 2832 1096 2902 baqila,
1123 2848 1182 2902 que
1203 2831 1368 2901 temporibus
1394 2831 1522 2888 Griserici
1536 2832 1671 2888 multoties
1694 2831 1749 2902 jam

130 2934 327 2994 perinancntcs,
346 2937 399 2978 non
420 2922 509 2976 solum
524 2921 663 2978 suadentis
677 2922 807 2977 insaniant
821 2921 913 2979 irrise—
964 2924 1104 2980 corrlcssor
1114 2924 1264 2988 exstiterat,
1281 2932 1401 2983 matrona
1417 2923 1514 2978 nobilis
1527 2937 1560 2979 ac
1569 2922 1694 2990 delicata,
1704 2921 1749 2977 lla-

131 3022 200 3083 curri,
210 3014 395 3070 verumetiam
417 3012 524 3083 publice
540 3014 669 3083 mysteria
681 3013 770 3068 divina
790 3013 816 3068 in
832 3013 913 3069 dtttno
963 3015 1040 3084 gellis
1054 3024 1080 3071 et
1093 3013 1207 3071 fustibus
1222 3014 1332 3069 omuino
1343 3012 1492 3080 debilitata,
1516 3012 1611 3069 exsilio
1633 3010 1709 3067 arido
1723 3020 1749 3068 et

130 3121 175 3159 una
195 3104 351 3176 cougregati
372 3103 511 3159 celebrare
532 3113 680 3172 coeperunt.
702 3103 778 3174 Quod
802 3105 848 3161 ilie
867 3119 913 3160 co-
965 3104 1194 3176 lnviorelequtur,
1211 3104 1256 3160 ubi
1269 3104 1358 3159 nullus
1373 3103 1509 3158 hominum
1536 3104 1605 3161 iorte
1629 3103 1750 3159 consola·

131 3209 269 3266 quoscens,
284 3195 441 3251 relationem
463 3188 568 3251 occulte
578 3193 767 3269 Carthaginem
781 3175 948 3253 adversusc
965 3198 1046 3254 tionis
1061 3197 1147 3267 qratia
1159 3195 1285 3252 veniendi
1296 3194 1408 3252 baberet
1422 3208 1572 3262 accessum,
1598 3192 1751 3265 relinquens

133 3300 175 3341 eos
204 3287 309 3342 direxit.
332 3286 397 3354 Que
420 3300 481 3342 cum
506 3287 562 3357 reqi
587 3272 757 3351 innotuisset,
786 3288 910 3343 comitem
963 3306 1025 3345 cum
1039 3289 1270 3362 gattdiodomum,
1284 3287 1409 3345 maritum
1423 3287 1501 3343 simul
1526 3294 1553 3344 et
1575 3275 1749 3359 [mulium]

131 3376 267 3448 qutemdam
288 3392 349 3432 cum
374 3376 510 3433 iracundia
534 3377 664 3449 dirigens,
686 3379 812 3448 precepit
832 3387 860 3435 ιιι
884 3379 910 3432 in
964 3382 1043 3438 lilios.
1055 3382 1101 3438 t'ui
1116 3390 1206 3452 postca
1220 3380 1337 3439 oblotum
1350 3393 1409 3435 esse
1423 3379 1602 3444 dicitur,utirt
1616 3377 1750 3435 utiliorem

130 3469 214 3524 toedio
227 3468 296 3538 loro,
310 3481 471 3541 congregata
483 3468 545 3526 illuc
558 3471 629 3525 omni
645 3470 792 3542 provincia,
809 3470 912 3541 linguas
964 3489 1085 3531 eremum
1101 3473 1239 3540 translatu,
1256 3472 1399 3539 frueretur,
1412 3472 1434 3527 si
1449 3469 1541 3538 vellet,
1555 3470 1650 3527 solatio
1662 3470 1750 3525 socio-

132 3563 166 3618 cis
187 3570 214 3619 et
238 3573 333 3617 manus
352 3563 475 3621 dexteras
497 3562 625 3619 radicitus
641 3561 810 3617 abscidisset.
835 3561 912 3631 Quod
964 3582 1034 3623 rum.
1049 3565 1275 3634 lilaseroioqcns
1296 3563 1346 3620 sibi
1366 3561 1460 3619 adesse
1482 3560 1594 3617 credens
1608 3560 1749 3633 gaudium,

131 3671 185 3711 cum
199 3655 300 3711 lactum
311 3654 414 3722 suisset,
427 3656 526 3727 Spiritu
540 3665 634 3710 sancto
649 3662 802 3725 prestante,
819 3654 855 3711 ita
873 3655 913 3711 io·
964 3657 1008 3713 ubi
1024 3656 1113 3712 nullus
1126 3657 1256 3710 ltumauus
1267 3663 1339 3710 esset
1352 3652 1515 3709 consolantis
1529 3649 1648 3716 abactus,
1658 3666 1693 3706 ne
1704 3650 1750 3707 ite·

133 3751 177 3805 ruti
193 3756 296 3804 suntet
310 3747 466 3820 loquuntur,
485 3746 620 3819 quomodo
632 3754 710 3802 antea
725 3746 910 3817 loquebantur.
963 3759 1003 3802 ret
1015 3745 1185 3814 supplicarit.

134 3840 179 3895 Sed
198 3839 221 3895 si
247 3838 307 3913 quis
325 3837 477 3894 incredulus
498 3851 558 3893 esse
576 3835 702 3906 voluerit,
723 3843 816 3909 pergat
841 3850 913 3892 trono
999 3834 1043 3890 lli.
1059 3834 1128 3890 Cleri
1150 3833 1359 3905 Curtiuqiueusis
1380 3833 1530 3887 certamino.
1552 3830 1751 3904 ilarittoeepre-
1870 3904 1872 3909 Ι

135 3928 396 4001 Constantinopolim,
411 3937 438 3987 et
450 3927 485 3984 tbi
501 3920 618 3999 reperiet
631 3943 713 3983 unum
725 3926 759 3983 de
774 3927 837 3994 illis,
850 3927 912 3983 sub·
963 3928 1034 3999 pium
1049 3927 1159 3996 sociem.
1171 3956 1206 3967 -
1219 3926 1295 3981 'lunc
1309 3925 1389 3979 etiam
1406 3924 1526 3994 diogenio
1536 3931 1643 3994 pastore
1652 3923 1707 3993 jam
1723 3925 1750 3979 ln

135 4020 265 4076 diaconem
280 4019 454 4091 Reparatum,
469 4031 607 4075 seromoes
622 4015 720 4088 politos
735 4017 794 4073 sine
806 4016 858 4072 ullu
872 4017 913 4072 oi·
964 4019 1059 4075 exsilio
1071 4017 1226 4085 consolato,
1241 4020 1384 4070 urrlrsrsus
1393 4015 1481 4070 clerus
1494 4014 1621 4070 ltccleslat
1634 4011 1750 4069 Cartba-

136 4108 246 4168 lcnsione
261 4120 272 4150 ⁸
287 4111 452 4184 loquentem.
470 4107 511 4165 Ob
530 4125 609 4179 quom
625 4123 732 4164 causam
752 4106 912 4164 venerabilis
963 4111 1034 4184 pinis
1048 4110 1121 4169 cede
1131 4109 1273 4181 inediaque
1286 4115 1447 4175 tusceratur,
1461 4115 1474 4157 ι
1495 4106 1552 4163 lere
1561 4106 1697 4178 quingenti
1707 4105 1749 4163 rel

138 4200 237 4257 nimium
260 4201 287 4255 in
301 4199 400 4275 palatio
415 4198 531 4257 zenonis
545 4200 716 4271 imperatoris
736 4199 860 4268 babetur,
885 4209 913 4258 et
963 4198 1653 4272 ampliuslutcrquosquamplurimiorantlectores
1663 4196 1750 4255 iolas·

139 4293 259 4360 precipue
273 4290 364 4361 reqlna
377 4289 445 4345 mira
461 4304 522 4346 eum
539 4291 687 4348 reverentia
703 4298 858 4347 veneratur.
965 4295 1024 4364 tuli,
1039 4296 1085 4365 qui
1098 4290 1244 4362 gaudentes
1256 4290 1283 4349 itt
1298 4289 1423 4357 Domino,
1439 4289 1531 4360 procul
1544 4287 1751 4347 exsiliocrudeli

166 4381 215 4437 ttl.
237 4380 349 4437 Vandali
362 4384 390 4435 ta
401 4397 462 4436 suos
477 4381 595 4436 souitmt.
607 4410 643 4422 -
655 4381 708 4439 Sed
720 4383 781 4454 quis
793 4396 913 4457 congruo
965 4383 1118 4440 truduntur.
1134 4381 1188 4441 sed
1202 4381 1353 4441 libertatem
1365 4388 1439 4449 tunc,
1450 4394 1511 4436 cum
1523 4379 1611 4436 media
1621 4378 1686 4437 urbe
1698 4393 1751 4437 ose·

139 4487 249 4530 semronc
265 4474 351 4546 possit
373 4473 483 4547 exsequi
503 4481 549 4528 aut
568 4486 729 4530 coacervare
742 4473 912 4530 diversitates
966 4475 1094 4532 dcreotur
1110 4473 1157 4548 [ol.
1172 4469 1279 4543 lliritae]
1292 4471 1404 4528 lluritte
1428 4470 1531 4527 diaconi
1555 4468 1661 4527 ceteris
1685 4469 1751 4526 libe·

141 4580 264 4633 penarum
279 4579 345 4636 «quas
355 4580 388 4621 ex
396 4566 472 4636 jussu
485 4563 556 4635 reqis
573 4564 626 4632 soi,
641 4566 721 4621 etiam
738 4567 786 4638 ipsi
800 4566 912 4624 Vandali
926 4546 954 4608 Ῑ)
966 4570 1064 4627 riorem
1077 4576 1167 4623 tacere
1181 4581 1233 4621 nou
1248 4564 1344 4620 debeo.
1357 4563 1416 4620 Fuit
1426 4562 1532 4634 quidum
1548 4560 1561 4598 ¹¹
1577 4559 1747 4632 Elpidoiorus

139 4656 161 4710 in
177 4673 238 4716 sues
260 4657 385 4716 borsines·
396 4657 592 4717 exercuerunt?
612 4657 640 4716 ln
662 4660 717 4731 ipsa
730 4674 838 4731 quoque
852 4677 913 4737 que
964 4664 1084 4731 nomine,
1099 4660 1211 4720 nimium
1223 4657 1341 4715 crudelis
1356 4669 1381 4715 et
1395 4656 1478 4724 torus,
1492 4655 1534 4711 oui
1548 4654 1635 4712 iuerat
1645 4654 1751 4724 delega-

132 4761 200 4815 ⁴rosta
212 4761 276 4809 sunt
284 4748 458 4821 Cartbagine,
472 4750 495 4806 ti
510 4751 610 4806 nitatur
626 4753 744 4821 scriptor
756 4753 911 4825 singiliatim
964 4765 1019 4812 tum
1036 4753 1155 4810 membra
1167 4751 1351 4807 cotrleseorom
1366 4747 1466 4804 Christi
1476 4747 1614 4817 suppliciis
1624 4758 1750 4816 pressan-

132 4847 256 4910 ²itruere,
278 4841 358 4896 etiam
378 4839 438 4896 eine
451 4848 547 4896 ornatu
559 4842 700 4911 sermonis,
720 4857 771 4899 nec
785 4843 842 4915 ipsa
863 4862 912 4904 no·
964 4847 1039 4905 tibus
1054 4844 1166 4900 laniare.
1182 4839 1232 4897 llic
1245 4838 1347 4896 dudum
1361 4836 1584 4908 lueratapudnot
1595 4836 1621 4891 in
1636 4834 1745 4892 ecclesis

167 5000 222 5056 ⁸lu
246 4998 346 5055 ulrice
368 4997 467 5055 ttotttia
493 5003 655 5053 memoratur
680 4996 750 5051 inter
772 4997 863 5067 episco
965 4997 1043 5057 Ortb.
1058 4991 1247 5057 elbericbius,
1261 4990 1363 5046 dmum.
1611 5056 1618 5069 ι
1714 5058 1720 5069 ¹

137 5068 291 5126 bituritsnle
312 5068 484 5124 Caesariensis
508 5066 650 5146 Reparatur
666 5064 840 5135 Yipositoous.
864 5013 914 5125 m
1004 5066 1104 5123 tColb.
1127 5065 1155 5130 l,
1169 5062 1264 5131 comp.
1286 5069 1314 5116 et
1335 5060 1424 5142 Pori,
1445 5058 1543 5141 cellarii
1564 5072 1630 5129 repat
1650 5071 1751 5114 ooorttte

134 5141 216 5197 ctrlia
227 5139 335 5213 Typosa
345 5139 371 5194 in
385 5137 526 5205 Numidia,
549 5135 625 5205 cujus
637 5137 779 5205 episcopus
793 5137 913 5194 Rusticus
967 5136 1080 5211 Doqitii,
1095 5134 1147 5203 qui.
1163 5131 1239 5187 Orth.
1256 5140 1283 5187 ct
1297 5129 1416 5196 lomois,
1431 5127 1544 5212 liupila,
1559 5122 1750 5208 Ful.,·Germ.,

135 5208 159 5263 io
171 5211 260 5266 eadem
285 5208 383 5265 Notitia
406 5216 570 5264 recensetur.
587 5205 625 5261 lie
638 5214 749 5277 utraque
769 5208 871 5278 agimus
886 5210 913 5266 io
965 5209 1059 5275 liure,
1077 5203 1153 5262 colb.
1169 5203 1246 5267 alter,
1262 5211 1290 5257 et
1303 5200 1414 5268 bellom,
1438 5199 1585 5273 Duplum,
1600 5214 1659 5278 qus,
1680 5204 1748 5264 etc.;

133 5280 198 5336 notis
210 5281 244 5336 ad
258 5279 385 5336 Notitiam
399 5278 507 5335 ¹liricae.
964 5280 1001 5337 ita
1016 5287 1045 5333 ιιι
1059 5275 1170 5331 maritus
1183 5272 1263 5328 etiam
1276 5271 1420 5342 aliquando
1429 5274 1567 5325 comessor
1579 5267 1670 5324 luent.
1762 5315 1766 5323 .

165 5348 313 5407 ilibensrr.
335 5358 363 5405 et
381 5348 470 5406 dltild.
486 5362 545 5402 curu
566 5345 668 5417 aliquot
688 5360 753 5402 mss.
770 5355 798 5402 et
817 5346 912 5417 editis,
1001 5348 1128 5403 sitorum
1142 5344 1261 5400 cointium
1281 5343 1357 5397 simut
1379 5354 1440 5395 cum
1456 5338 1587 5411 Eupeoio,
1602 5336 1739 5422 llurittco
1761 5344 1765 5390 t

134 5415 250 5490 emtam
263 5419 341 5477 ortu.
356 5429 383 5477 et
393 5419 547 5487 Loricbius,
561 5416 783 5473 conoturiensis
796 5417 840 5473 od.
967 5419 1099 5481 solutori,
1113 5413 1268 5469 meritoriam
1283 5411 1418 5466 celebrant
1439 5413 1626 5483 martyrologia
1645 5409 1747 5487 uulgata
1763 5460 1766 5473 ,

167 5501 178 5531 ⁸
190 5488 436 5549 beconioesoribus
446 5490 546 5560 absque
557 5488 594 5543 lio
612 5502 645 5542 ua
658 5486 827 5558 loquentibus
837 5487 913 5559 plura
965 5489 1010 5544 die
1026 5487 1059 5542 ιδ
1070 5485 1143 5543 iulii.
1157 5482 1289 5540 biurittom
1301 5482 1403 5551 aliquot
1414 5483 1476 5536 item
1490 5479 1678 5550 martyroloqtt
1691 5489 1750 5531 stu·
1765 5483 1768 5507 ²

136 5557 498 5620 wusmsommeotarlo
513 5503 710 5628 tristorffcccap.
725 5559 752 5613 t.
965 5559 1079 5629 qillatim
1095 5561 1244 5611 memorant
1256 5553 1300 5637 die
1312 5552 1347 5635 bb
1361 5552 1458 5608 Martii.
1652 5617 1659 5630 ⁹
1696 5616 1703 5630 ι
1773 5564 1778 5583 '-

137 5630 348 5757 antisorloilius⁸
370 5630 445 5686 bodie
470 5630 559 5702 cuique
581 5629 711 5700 proposito
739 5628 766 5683 io
793 5639 912 5699 promptu
964 5620 1462 5752 E210leeti’ort„ileiptdosortta.
1474 5619 1585 5678 brotod.
1596 5617 1747 5677 bertoltus.

187 5711 327 5758 moratur.
1034 5711 1130 5753 oortts.

192 5774 296 5842 Germ..
312 5771 384 5839 iu..
400 5771 490 5837 Uaro,
509 5769 616 5837 comp..
631 5768 745 5823 ctColb.
764 5770 789 5831 l,
805 5768 897 5823 Αιιὶιιιιι
988 5715 1014 5770 m
1050 5699 1065 5769 s
