3810 6254
638 240 881 305 svisubttutiii
898 245 963 306 tiit.
985 247 1042 308 iit.
1160 243 1165 251 ’
1601 258 1657 324 bid

109 352 165 410 nh
187 359 269 424 eaput
290 366 338 420 es,
363 353 513 422 interires
534 352 615 411 dubia
636 356 1036 435 subtraxerisispirituaiinm
1069 369 1284 427 testimoniorum
1315 385 1445 430 mucrone
1476 373 1652 443 confoderis:

109 444 204 504 ouibus
214 444 354 500 medendis
364 445 558 516 Aqultuuorum
570 464 577 503 :
590 447 652 519 quia
664 450 804 509 mittimunn
857 467 963 512 servata
977 465 1137 516 ceterorum
1152 468 1207 517 tam
1221 462 1374 520 reverentia
1389 479 1470 536 quarn
1484 481 1551 538 pace
1565 473 1653 540 ponti·

109 537 177 613 quod
188 538 266 595 nobis
278 546 320 594 est
335 537 360 593 in
375 538 542 596 habitatione
553 540 639 599 divisa
653 545 805 615 provincia,
858 545 954 618 iicum;
973 563 1027 605 non
1041 549 1137 621 injuria
1153 552 1199 608 tibi
1215 552 1312 622 deileo,
1328 555 1442 625 qualiter
1457 558 1653 621 ecciesiasticis

109 649 117 691 t
135 633 165 691 in
183 632 314 702 reiigione
331 646 412 687 causa
431 632 613 704 coniungitur.
639 635 688 692 liis
701 637 807 694 accedit
857 640 948 698 caulas
962 641 1040 699 istius
1054 644 1125 700 aeris
1139 646 1217 717 iupus
1230 645 1277 718 qui
1291 647 1410 718 peccatis
1425 651 1594 722 ριιιιιιιίιιιιι
1609 669 1653 711 sa-

109 723 454 797 scrobesbirienses
467 726 561 796 prime
573 727 662 785 solum
676 729 806 801 oppidum
856 735 965 804 ginatus
976 734 1139 804 animarum,
1154 738 1323 797 clandestino
1336 755 1427 799 morsu
1441 744 1556 802 necdum
1573 749 1651 823 182

109 834 161 877 tum
172 818 447 908 Romanisreiiquum
459 819 804 889 partibusbeiiaieceruut.
857 823 986 884 intellecti
1007 829 1096 886 dentis
1117 831 1236 887 arrodat.
1262 833 1382 906 Namque
1404 835 1490 894 hostis
1512 840 1649 912 antiquus,

109 916 178 989 ipter
200 916 228 971 in
251 913 440 971 constituendo
459 915 578 986 praeiatae
597 916 715 974 civitatis
734 919 805 975 anti·
856 932 911 989 quo
930 918 1034 977 lucilius
1053 921 1165 1005 irtsuitet
1181 923 1316 982 balatibus
1338 928 1429 985 ovium
1449 929 1651 1004 destitutarum,

109 1008 309 1082 provincialium
329 1008 494 1079 collegarum
516 1007 658 1066 deiicimur
682 1024 804 1080 numero,
857 1014 932 1085 prius
947 1015 1150 1074 dormitantium
1171 1018 1265 1090 incipit
1279 1022 1429 1081 cervicibus
1449 1023 1590 1084 imminere
1604 1043 1651 1099 pa-

110 1104 351 1198 stropolitanorum
371 1103 526 1158 reiciamur
545 1117 670 1160 assensu.
696 1105 735 1161 lie
749 1119 805 1162 ce·
856 1116 970 1164 storum.
985 1109 1077 1181 licque
1091 1125 1141 1182 ego
1157 1111 1193 1168 ita
1209 1113 1262 1170 tuci
1275 1115 1425 1174 meminens
1448 1133 1502 1174 non
1523 1134 1598 1192 sum,
1621 1128 1651 1177 ut
1710 1128 1721 1141 “

109 1196 171 1272 prod
184 1197 218 1253 ad
234 1195 345 1252 honoris
360 1196 442 1251 uestri
458 1203 565 1267 spectat
588 1197 803 1269 prerogativam,
856 1216 1024 1273 nequaquam
1039 1217 1083 1259 me
1097 1205 1168 1261 bunc
1187 1218 1249 1262 csse
1274 1207 1447 1277 reminiscar;
1470 1225 1549 1280 quem
1564 1213 1650 1284 longis

120 1306 137 1348 a
158 1304 203 1347 me
217 1288 346 1345 hactenus
371 1287 534 1353 nominatus,
552 1286 804 1356 nniiusadiaibitus,
855 1295 944 1352 adbuc
962 1295 1095 1370 abluenda
1118 1298 1224 1356 iietibus
1242 1301 1407 1358 conscientia
1429 1314 1551 1372 premat;
1572 1305 1651 1376 cuius

109 1382 212 1441 electum
222 1389 278 1438 est:
290 1378 380 1436 omnia
392 1393 513 1435 censure
528 1387 580 1434 tue
592 1379 678 1450 stiva,
690 1379 804 1448 illibata,
856 1396 976 1445 stercora
990 1397 1091 1456 tamen,
1107 1390 1158 1447 sub
1170 1405 1221 1462 ope
1230 1391 1342 1460 Citristi,
1356 1394 1517 1467 quandoque
1527 1396 1650 1468 mysticis

109 1483 260 1534 umatus.
282 1473 397 1528 Tantum
415 1472 467 1527 buc
487 1471 685 1539 meconidem,
700 1480 805 1529 veiim
856 1481 1008 1538 orationum
1026 1472 1132 1538 tuarum
1148 1484 1244 1540 rastris
1258 1485 1485 1544 eruderabuntur.
1509 1487 1563 1546 Setl
1584 1504 1650 1562 quo·

109 1583 122 1626 s
146 1580 292 1639 personas,
316 1573 475 1635 exspectare
497 1562 666 1630 ιῡῑΰιιῑιῑθὸι
693 1563 804 1621 laudare
829 1594 832 1598 ·
856 1575 927 1631 niam
938 1576 1118 1644 supereminet
1131 1577 1227 1647 privati
1238 1587 1330 1636 reatus
1340 1579 1529 1637 verecundiam
1543 1582 1649 1653 publica

109 1664 173 1721 tias:
195 1669 222 1718 ct
246 1675 306 1718 curu
330 1660 356 1715 in
380 1659 468 1714 iocum
491 1666 645 1729 statumque
669 1659 804 1728 pontilicis
854 1668 937 1732 salus,
962 1681 1016 1723 non
1029 1670 1162 1737 uerebor,
1185 1669 1235 1726 etsi
1255 1679 1349 1742 carpat
1365 1670 1453 1728 seium
1477 1672 1505 1729 in
1529 1688 1573 1730 me
1587 1674 1650 1733 idei

109 1754 276 1821 osuiicitur,
292 1762 321 1808 ιιι
335 1767 350 1807 ι
365 1751 442 1807 vobis
455 1759 633 1822 preceptum,
647 1752 724 1824 181
735 1766 751 1806 a
762 1767 805 1808 ms
819 1749 844 1810 B
857 1762 966 1817 sinister
980 1762 1123 1833 interpres,
1139 1763 1190 1819 sub
1203 1763 1328 1822 versitatis
1346 1764 1445 1822 inuidia
1459 1780 1568 1823 causam
1583 1782 1649 1839 pro·

109 1857 136 1905 at
157 1846 326 1918 obsequium.
356 1845 410 1901 Sed
434 1847 456 1901 si
480 1845 562 1917 (qnod
579 1855 669 1901 iernen
685 1846 802 1903 arbitror
854 1854 920 1912 dero
929 1852 1211 1924 verterisilirarix,
1223 1872 1271 1914 rex
1279 1857 1439 1928 Gothorum,
1451 1860 1524 1930 quod
1534 1860 1646 1918 iimitem

109 1959 118 2003 ι
130 1941 199 2015 iore)
210 1942 335 2013 precibus
348 1942 415 1996 meis
428 1940 499 2011 apud
510 1955 558 1996 vos
570 1941 743 2021 malesuadus
755 1942 804 1998 ob·
854 1947 929 2019 regni
950 1949 1008 2018 sui,
1035 1960 1115 2020 rupto
1139 1951 1326 2024 dissolutoque
1341 1952 1443 2011 ioedere
1455 1954 1581 2026 antiquo,
1603 1955 1647 2013 rei

112 2038 258 2108 interpres,
268 2036 390 2106 poteritis
401 2035 571 2107 presentiam
583 2043 700 2091 vestram
711 2035 802 2105 potius
840 2035 956 2097 'tritatur
968 2055 1105 2099 ermorrrm
1118 2044 1190 2114 jure,
1207 2040 1249 2100 vei
1265 2046 1414 2115 promovet,
1427 2062 1480 2103 nec
1494 2048 1573 2106 uobis
1586 2064 1650 2120 pec·

109 2145 135 2189 re
147 2145 226 2202 quum
239 2128 345 2199 cuipam
358 2144 365 2180 ε
386 2129 457 2182 sicut
469 2127 619 2189 ediverso,
642 2128 663 2182 si
685 2127 799 2192 venitis,
852 2134 988 2191 catonibus
998 2134 1041 2190 bic
1053 2117 1191 2206 accusare,
1202 2152 1251 2194 nco
1262 2137 1338 2194 vobis
1348 2140 1451 2194 sanctis
1461 2138 1505 2196 iric
1514 2141 1651 2200 discutere

109 2224 221 2296 ,visqsia
234 2222 364 2279 terminus
380 2222 495 2291 potuerit
508 2221 571 2291 poni
585 2231 682 2277 vostre
692 2220 802 2293 quidem
852 2227 1016 2298 pennissum
1028 2236 1082 2284 est.
1104 2228 1173 2303 Quin
1197 2228 1285 2299 potius
1300 2229 1325 2284 si
1338 2230 1472 2300 requiras,
1487 2231 1590 2289 ordinis
1605 2247 1650 2290 res

110 2321 182 2388 ,scd
195 2331 249 2372 nou
263 2315 380 2386 potnerit
391 2314 508 2370 caritati·
526 2312 628 2370 llemor
641 2313 725 2369 uosirl
740 2327 801 2370 esse
851 2326 908 2387 esi,
932 2327 961 2374 ut
981 2327 1010 2377 et
1032 2317 1116 2391 dives
1129 2318 1172 2375 bic
1194 2335 1320 2390 purpura¹
1335 2321 1470 2392 byssoque
1485 2321 1599 2388 veletur,
1621 2332 1649 2381 et

109 2429 125 2482 u,
139 2410 247 2468 domine
261 2424 340 2480 papa.
571 2451 578 2459 .
849 2410 968 2466 Lazarus
982 2409 1026 2466 bic
1041 2410 1177 2467 ulceribus
1191 2421 1218 2468 et
1233 2421 1392 2483 paupertate
1404 2412 1525 2471 ieristur.
1540 2402 1650 2474 Ordinis

284 2501 452 2560 usisibus
472 2499 519 2558 ui.
850 2519 895 2562 res
908 2512 961 2572 est,
977 2513 1006 2560 ut
1020 2504 1083 2560 dum
1098 2504 1189 2569 iubae
1203 2506 1348 2578 allegorica
1361 2521 1502 2565 versemur
1516 2509 1647 2582 AEgypto,

109 2599 222 2658 gentonius
236 2597 341 2651 dorrrino
356 2611 431 2666 pope
444 2604 456 2633 ι
467 2592 566 2649 liasiiio
581 2592 690 2647 sulutem
850 2598 955 2655 Pharao
978 2599 1086 2656 incedat
1107 2614 1167 2655 curu
1191 2599 1355 2670 diademato,
1379 2602 1500 2666 israelita
1523 2619 1584 2662 cum
1599 2620 1649 2663 co·

123 2691 217 2757 uobis,
240 2702 352 2744 munere
370 2687 433 2754 liei,
457 2700 526 2741 novo
549 2676 702 2741 nostr‘orum
729 2692 798 2740 teru-
848 2691 942 2762 pbiuo.
969 2690 1150 2765 Ordinisres
1172 2701 1234 2757 est,
1259 2701 1288 2747 ut
1312 2692 1375 2749 dum
1402 2694 1430 2749 in
1453 2693 1504 2750 isac
1527 2696 1648 2767 figurate

118 2784 253 2854 exeotpio,
278 2780 457 2837 amicitiarum
481 2787 571 2835 vetera
593 2777 675 2848 jura:
698 2776 799 2846 diuque
850 2784 995 2856 Babylonis
1017 2786 1128 2840 lornace
1152 2783 1342 2857 decoquimur,
1370 2800 1420 2842 nos
1444 2802 1506 2842 cum
1530 2787 1647 2845 ieremia

109 2870 129 2936 nl
143 2878 259 2935 invicem
274 2873 410 2945 diligimus
424 2888 459 2927 ex
474 2885 559 2941 coquo.
587 2870 674 2926 Porro
695 2879 803 2955 autern,¹
851 2876 1019 2949 spiritualem
1033 2875 1181 2931 Jerusalem
1195 2877 1350 2947 suspiriosis
1365 2877 1523 2948 plangamus
1538 2879 1647 2936 ululati-

109 2976 303 3031 ioommuneru
318 2967 509 3026 conscientiam
525 2966 652 3038 pertinet,
665 2973 692 3020 tu
705 2971 795 3035 palr0·
847 2972 909 3038 bus,
933 2978 961 3026 et
981 2970 1068 3026 ,isson
1092 2968 1162 3024 lastu
1178 2971 1251 3041 regio
1272 2980 1368 3026 tonans
1382 2982 1536 3028 sanctorum
1551 2983 1645 3030 sancta

109 3080 238 3141 nunquam
258 3066 310 3121 itoc
330 3065 417 3132 ipsum
438 3059 643 3132 praesumptiose
665 3071 794 3128 arrogan-
849 3065 995 3135 procuicet.
1008 3063 1110 3131 Quibus
1119 3072 1282 3135 presentem
1291 3079 1341 3135 ego
1349 3066 1552 3145 litterarumque
1560 3067 1646 3126 besti-

109 3161 213 3230 loquar.
238 3158 359 3230 Namque
374 3157 501 3239 iniquitas
518 3170 577 3211 mea
596 3163 669 3208 tanta
688 3160 744 3219 est,
766 3126 832 3207 utC
849 3157 970 3212 tudinum
983 3156 1210 3213 vicissitudinibus
1224 3157 1362 3228 inspectis,
1377 3160 1529 3216 communia
1542 3161 1646 3233 patien-

128 3254 164 3312 do
183 3253 306 3326 lapsuum
321 3252 379 3323 ejus
398 3250 555 3306 assiduitate
574 3249 617 3303 via
638 3248 719 3304 etiam
742 3255 795 3303 tue
851 3250 903 3312 sius
917 3249 1087 3305 incommoda
1100 3248 1169 3306 iero.
1194 3249 1325 3318 Primum,
1339 3252 1411 3322 quod
1425 3252 1490 3309 uriini
1510 3268 1570 3324 quas
1588 3268 1647 3311 mc·

109 3347 203 3404 ationis
225 3346 344 3404 eiicucia
368 3353 459 3414 quest.
486 3344 650 3415 igiturquia
673 3341 741 3398 mibi
764 3355 794 3396 es
850 3357 912 3398 rear
925 3341 1138 3413 introspicienti,
1154 3357 1321 3415 quaecunque
1334 3344 1446 3401 adversa
1460 3347 1644 3417 provenerint,

109 3441 218 3499 trocinio
229 3455 309 3513 quam
327 3439 471 3495 dilectione
486 3436 527 3493 bis
541 3436 676 3502 durninus,
694 3434 795 3505 pariter
848 3437 950 3492 leviora
965 3436 1177 3509 reputabuntur;
1198 3437 1262 3493 dein
1278 3439 1357 3510 183
1370 3439 1442 3510 quod
1456 3449 1560 3498 cerium
1575 3442 1642 3509 scio,

109 3533 234 3592 ,memini
249 3533 344 3603 probe,
361 3546 414 3601 quo
437 3529 540 3601 poiieas
553 3529 626 3600 [igne
650 3542 792 3595 sensuum,
849 3531 995 3585 maximum
1011 3543 1071 3585 esse
1095 3529 1245 3585 remedium
1268 3531 1404 3588 interioris
1419 3532 1547 3600 hominis,
1571 3533 1594 3589 si
1616 3534 1643 3591 in

110 3627 261 3684 erbomnr:
287 3625 332 3696 qui
355 3624 468 3679 viderim
495 3620 681 3678 iiodaitarium
707 3621 793 3676 ciuem
849 3623 902 3679 bac
915 3638 977 3679 areu
993 3624 1085 3679 mundi
1099 3623 1182 3678 variis
1202 3624 1359 3695 passionum
1376 3625 1491 3697 ilagsiiis
1503 3626 1645 3682 trituretur

109 3737 126 3792 r,
141 3721 248 3777 Ariane
262 3719 397 3775 hereseos
408 3717 497 3788 J'acuia
513 3716 680 3780 vibrantem,
698 3730 752 3787 quo
765 3723 794 3770 tu
849 3716 978 3772 exterior.
1003 3714 1056 3771 Sed
1071 3715 1143 3786 quod
1158 3715 1296 3774 latendum
1311 3725 1369 3788 cst,
1385 3706 1643 3792 prusiaturn‘r‘cgem

109 3953 211 4010 »vincte
227 3961 329 4020 quarte
348 3949 551 4020 Lugdunensis,
574 3958 603 4002 ut
624 3946 795 4003 observatum
848 3959 917 4012 sem,
929 3944 1058 4000 Faustum
1073 3945 1210 4011 liciorum,
1223 3955 1251 4001 et
1264 3946 1387 4003 Graecum
1403 3948 1644 4019 Massilieepisco·

109 4024 241 4095 spiselis,
257 4023 303 4078 lib.
317 4038 354 4077 ιι.
849 4031 916 4085 pus:
933 4018 1005 4072 inter
1021 4015 1069 4070 ias
1083 4017 1270 4072 autemurbes
1285 4013 1374 4072 medio
1393 4033 1476 4087 prope
1492 4021 1579 4088 spatio
1591 4021 1643 4077 sita

109 4097 152 4153 lib.
165 4110 202 4163 tv,
213 4094 292 4163 episi.
304 4095 347 4157 i8,
360 4092 556 4161 Lugdunensem
568 4090 715 4146 secundnm.
729 4087 795 4143 Pro·
848 4099 889 4142 est
905 4086 1064 4154 metropolis
1075 4088 1250 4156 iquenstum.
1269 4088 1358 4142 Basilii
1373 4096 1464 4144 antem
1479 4090 1567 4159 buiris,
1581 4100 1643 4147 tnnc

109 4167 189 4232 oiim,
203 4180 264 4219 cuni
278 4163 415 4233 simplices
428 4171 534 4227 essent,
551 4161 686 4232 pleraeque
703 4167 796 4227 postea
848 4158 936 4214 adbuc
956 4157 1121 4227 presbyteri,
1145 4158 1263 4227 prudens
1282 4159 1424 4215 consilium
1440 4160 1592 4229 liciumque
1613 4161 1641 4218 in

109 4252 151 4294 um
164 4245 231 4291 nutu
245 4236 271 4289 iu
283 4238 373 4304 piures
384 4233 466 4288 dividi
481 4240 633 4303 coeperunt.
656 4231 724 4286 iiiuc
736 4241 795 4285 orta
846 4228 943 4286 iuuere
956 4229 1050 4285 iiiiarii
1063 4229 1182 4301 episcopi
1193 4228 1360 4287 Arelatensis
1373 4241 1465 4289 rrarrat
1477 4240 1570 4289 auctor
1581 4233 1643 4289 vitus

109 4309 170 4378 rina,
182 4317 211 4361 ut
221 4306 284 4367 ,alie
300 4306 395 4374 primae
407 4305 570 4370 dicerentur,
584 4304 643 4358 aiiae
655 4299 793 4366 secundae,
850 4301 954 4355 lliiarii.

126 4389 154 4435 ct
176 4379 213 4432 ita
234 4378 360 4446 deinceps
383 4391 431 4446 pro
453 4389 564 4430 numero
583 4374 835 4451 provinciarumq)
882 4370 1032 4439 ilinricus,
1046 4371 1092 4442 qul
1108 4383 1136 4428 et
1149 4373 1279 4445 Eorrcus,
1301 4373 1348 4429 lib.
1363 4389 1427 4440 uiti,
1448 4374 1527 4446 epist.
1543 4373 1570 4430 i.
1597 4375 1643 4432 Sic

109 4449 252 4519 tiaeigitur
266 4449 325 4503 dnn
341 4447 461 4503 inerunt.
489 4447 594 4511 Prima,
616 4445 693 4515 cujus
713 4454 794 4513 caput
847 4441 982 4499 [leuioris
996 4445 1067 4510 apud
1082 4443 1241 4519 Stribunem
1263 4455 1290 4502 ei
1304 4444 1455 4502 'lbeudcris
1472 4460 1504 4502 ac
1517 4445 1643 4503 Tbcodo·

109 4536 150 4585 ss:
171 4519 298 4587 secunda,
313 4519 484 4588 cujuspcapui
499 4516 656 4586 burdegala.
680 4516 794 4584 Semper
848 4514 929 4580 ricus,
952 4515 1061 4570 unicum
1079 4523 1123 4569 est
1136 4532 1245 4572 nornen.
1273 4515 1357 4583 liujus
1370 4531 1436 4573 vero
1448 4516 1600 4575 Eorieiaum
1615 4519 1642 4574 in

143 4591 277 4664 adivisis
297 4590 444 4659 provinciis
471 4605 533 4658 pars
550 4587 593 4642 iiia
622 4588 715 4658 primae
744 4600 792 4641 no·
846 4585 1643 4656 catiroiicuspersecutionis,Sidoniiqueepistoiaenreminit

109 4665 202 4724 tinuit,
217 4668 259 4718 oui
274 4661 430 4730 ruetropoiis
443 4660 547 4728 obtigit,
562 4674 622 4727 qnae
635 4658 717 4713 totius
730 4671 791 4727 pro·
846 4655 991 4726 Gregorius
1004 4655 1105 4712 Turnu.
1127 4656 1174 4713 lib.
1187 4673 1221 4721 u,
1239 4672 1298 4729 cup.
1317 4658 1352 4713 25
1370 4677 1376 4716 :
1400 4658 1520 4721 Sidonii,
1542 4660 1638 4731 iuquit,

109 4733 344 4789 antedivisionem
361 4742 440 4799 caput
461 4741 539 4786 erat:
562 4739 592 4785 ut
610 4729 793 4784 Narbonensis
846 4737 959 4791 ternpore
980 4723 1076 4782 Esuris
1099 4727 1323 4797 reeGotborum,
1347 4730 1471 4796 excedens
1493 4729 1641 4800 Hispanum

109 4804 171 4860 licta
186 4812 238 4871 est,
250 4805 277 4859 in
291 4819 343 4874 qua
356 4802 455 4866 Narbo,
467 4801 652 4872 Lugdunensis
667 4799 751 4865 prima
767 4800 793 4855 in
846 4796 966 4864 iimitem,
993 4815 1093 4869 grauem
1118 4800 1144 4852 ira
1169 4798 1261 4855 Gniiiis
1286 4817 1361 4870 tttpcr
1373 4801 1534 4858 Giristinnos
1552 4802 1641 4857 isrtsiir

109 4875 236 4949 gdunutu,
261 4873 402 4945 Aquitania
425 4875 511 4943 prima
533 4872 558 4926 ln
580 4888 632 4941 qua
646 4870 790 4940 isitrniges.
845 4870 1056 4940 persecutionem.
1073 4869 1218 4924 Truncobet
1233 4872 1330 4938 possint
1345 4873 1505 4941 perversitati
1521 4889 1574 4928 sues
1588 4889 1640 4927 non

109 4957 125 5004 ιι
145 4948 289 5017 primarum
309 4946 507 5015 provinciarum
524 4941 724 5012 metropolitani
738 4941 794 5011 pri·
845 4940 1041 5002 corrsentleuiss,
1058 4939 1162 4995 ciericos
1176 4942 1319 4996 carceribus
1334 4944 1482 5014 subigebat:
1496 4942 1641 4998 mcerdotes

109 5026 177 5074 saut
198 5018 360 5086 reliquorum
375 5015 495 5086 ejusdem
512 5013 627 5068 nominis
641 5013 792 5081 provincis·
845 5026 902 5065 uero
916 5011 981 5065 aiios
996 5010 1072 5064 dubet
1087 5010 1188 5075 exsilio,
1206 5013 1272 5067 ulios
1288 5012 1377 5082 gladio
1392 5013 1547 5069 trucidabat.
1568 5011 1656 5068 Nom'

109 5088 164 5152 icut
178 5089 250 5143 enim
262 5087 447 5158 Lugdunensis
459 5085 613 5155 episcopus,
624 5094 651 5137 ιιι
664 5084 747 5152 liquet
758 5098 792 5138 et
844 5091 869 5134 ct
890 5083 958 5153 ipsus
982 5098 1115 5136 sacrorum
1136 5085 1291 5153 terrtpiorurn
1314 5087 1401 5141 aditus
1424 5085 1506 5149 spinis
1524 5084 1642 5154 jusserat

109 5162 124 5216 ii
145 5156 190 5214 iii
214 5168 294 5229 epist.
316 5159 351 5213 55
375 5167 402 5213 et
425 5155 471 5217 56,
495 5155 541 5209 itb.
560 5170 597 5210 vr.
626 5153 730 5209 trinas
752 5162 794 5208 est
845 5152 957 5207 obserari
970 5151 1064 5208 scilicet
1080 5162 1107 5206 ut
1121 5154 1215 5208 raritas
1228 5155 1389 5224 ingrediendi
1402 5155 1553 5211 obliuionem
1568 5158 1640 5227 iore·

109 5249 113 5262 ·
135 5226 373 5302 Lugdunensium:
398 5229 437 5282 sic
457 5226 630 5281 Bituricensis
653 5224 793 5294 turiusque
845 5236 882 5278 rer
900 5223 972 5293 fidei.
999 5221 1190 5279 Musirrte'tnnc
1205 5225 1461 5296 Novempopulonae,
1484 5227 1642 5299 pensiusque

109 5303 160 5359 tle.
182 5309 270 5372 litque
284 5302 319 5355 ita
336 5300 418 5355 ierme
433 5300 458 5352 in
471 5297 531 5352 aliis
544 5296 710 5365 provinciis,
730 5310 792 5350 curn
845 5294 993 5364 Aquitouie
1007 5296 1082 5350 urbes
1101 5295 1132 5350 ab
1152 5295 1200 5351 ime
1221 5307 1367 5368 terrrpesmte
1386 5299 1548 5368 depopulatis
1567 5307 1639 5353 surtt.

113 5375 207 5445 piures
222 5373 336 5437 iicisant,
361 5373 431 5426 idem
447 5384 506 5424 mus
520 5368 585 5435 init,
610 5378 639 5422 ut
652 5368 677 5421 in
692 5381 722 5422 ea
739 5368 793 5437 pri·
846 5363 985 5436 Esstutqns
998 5364 1076 5420 inedie
1087 5365 1117 5425 Yet
1132 5384 1177 5437 pro
1193 5369 1241 5439 buc
1254 5385 1334 5423 suurn
1351 5369 1385 5423 nd
1400 5367 1529 5425 Buviiium
1541 5368 1640 5452 episco-

109 5455 208 5517 etque
216 5443 303 5515 prima
315 5453 342 5500 et
351 5441 536 5513 antiquissima
547 5441 616 5496 iuter
628 5437 792 5508 metropoles
844 5453 906 5508 pum
920 5436 1011 5492 nubliis
1025 5437 1131 5510 Sidonii
1145 5440 1225 5510 ipsius
1240 5439 1360 5509 epistola.
1384 5439 1448 5496 ties
1461 5440 1518 5504 iiie,
1535 5437 1638 5494 Sidonii

846 5508 950 5564 inserens
960 5507 1091 5577 vestigiis.
1107 5509 1173 5567 Nam
1186 5512 1212 5566 in
1224 5511 1434 5582 Novempopulis
1443 5519 1506 5566 suut
1518 5507 1638 5571 Eiusani,

109 5603 196 5646 aarum
210 5586 382 5652 Sextiarum,
407 5594 436 5641 ut
449 5598 522 5651 reor,
544 5584 683 5654 episcopo.
708 5581 791 5638 iitita
844 5578 970 5642 Vasates,
992 5579 1143 5645 Conveuae.
1166 5582 1338 5641 Ausceuses:
1364 5581 1459 5651 reliqui
1484 5581 1510 5636 in
1534 5576 1639 5634 duabus

109 5674 141 5715 ιιι
159 5657 238 5728 iacit,
261 5659 333 5730 qnod
356 5659 406 5714 sub
426 5658 506 5713 inem
525 5653 648 5724 epistole
665 5652 791 5708 iiusiiium
844 5650 1004 5732 irpuiinnils.
1030 5651 1083 5707 Sed
1105 5650 1176 5723 aput
1190 5654 1348 5726 Gregorlunt
1371 5651 1500 5710 mendose
1522 5648 1638 5725 iegiturs

109 5728 206 5790 totilum
226 5745 287 5789 esse
306 5731 379 5788 dicat
400 5730 471 5786 inter
489 5727 629 5784 Leontium
647 5723 789 5782 Arelaten·
844 5736 1001 5794 genuinasque
1012 5719 1159 5785 Gerrunnin
