3810 6254
79 421 184 481 antem
204 427 267 475 taus
289 420 370 489 longo
383 419 443 477 istic
464 427 586 491 tempore
609 418 757 489 inspectus,
778 420 878 476 meruit

80 516 151 572 inter
161 526 291 585 personas
306 511 384 567 uobis
403 526 510 583 quoque
522 526 599 567 caras
611 512 803 582 devinctasque
813 527 875 568 cen·

80 609 134 664 seri
152 622 160 661 ι
177 613 363 676 opportunus,
397 603 526 674 elegans,
549 605 735 672 verecundus,
760 604 876 671 sobrius,

10 718 13 728 ·
81 715 188 773 parcus,
204 697 356 768 religiosus,
379 705 406 752 et
421 696 462 751 bis
476 711 580 751 morum
606 696 714 753 dotibus
737 696 877 766 praeditus,

81 803 109 848 ιι
124 789 231 862 quoties
243 789 270 844 in
285 787 348 843 boni
361 787 493 858 cujusque
512 787 651 843 asciscitur
664 787 806 852 amicitias,
825 801 878 841 non

81 882 199 950 amplius
222 888 406 949 consequatur
431 879 553 933 beneficii
580 880 636 946 ipse
664 895 742 948 quam
769 880 877 933 tribuat.

83 973 147 1028 llaec
162 973 210 1028 tibi
225 986 279 1026 non
294 980 323 1025 ut
342 970 487 1041 ignoranti,
502 969 550 1024 sed
563 978 591 1024 ut
603 970 706 1038 judicio
727 986 787 1024 rrreo
802 969 880 1024 satis-

83 1066 211 1131 lacerem‚
228 1063 333 1132 scripsi.
349 1064 528 1129 Quamobrem
544 1062 640 1131 triplex
660 1078 739 1117 causa
756 1062 878 1118 laetandi:

84 1156 132 1212 tibi
150 1156 246 1225 prima,
260 1153 304 1210 cui
315 1155 416 1208 amicos
430 1153 471 1207 sic
484 1163 529 1207 aut
548 1153 698 1218 instituere,
714 1164 760 1208 aut
781 1154 881 1223 eligere

85 1246 371 1319 contingit3llraernis
381 1248 511 1313 secunda,
525 1246 623 1315 quibus
647 1245 698 1301 boc
718 1246 744 1300 in
767 1260 800 1300 co
821 1246 879 1316 pla·

86 1342 176 1397 coisse
189 1339 330 1402 confirmo,
353 1337 424 1407 quod
447 1346 473 1392 te
488 1336 617 1406 probasse
639 1352 692 1391 ιιι
706 1337 811 1408 ambigo
822 1353 829 1402 ;
841 1337 880 1392 illi

87 1431 177 1499 tertia,
190 1430 224 1486 de
245 1444 299 1501 qao
313 1428 376 1484 bani
401 1428 500 1499 quique
519 1429 587 1483 boue
609 1443 721 1499 queque
741 1428 881 1498 judieare-

87 1521 250 1582 runr.t'ate.

368 1636 533 1692 EPISTULA
551 1635 603 1691 vit.

265 1753 389 1809 Sidonias
404 1754 524 1825 Explicio
536 1771 584 1808 rao
595 1756 715 1810 salutem.

126 1890 193 1957 Quia
205 1888 308 1960 justitia
329 1898 417 1945 restra
437 1890 499 1960 jure
512 1890 541 1945 llt
560 1891 724 1946 universitati
744 1906 791 1961 per
811 1906 885 1947 com-

89 1981 170 2054 plura
182 1980 249 2037 recti
263 1982 448 2050 experimenta
463 1982 635 2050 uenerabilis,
653 1983 752 2038 idcirco
764 1984 884 2054 singulas

89 2086 214 2143 quasque
226 2085 356 2142 personas
372 2072 398 2126 id
409 2072 495 2141 ipsum
515 2072 693 2143 efflagitantes
718 2074 744 2128 in
770 2090 884 2129 examen

93 2173 216 2220 restrum
231 2163 318 2219 libens
331 2173 357 2219 et
376 2165 469 2220 avidus
485 2167 588 2234 eraitto,
610 2167 804 2237 qtramprimum
828 2173 886 2223 am·'

92 2259 179 2324 biam,
194 2274 238 2314 me
255 2259 439 2324 discussionis
457 2259 518 2314 illos
533 2260 677 2315 simultatis
691 2276 773 2316 ancre
784 2262 884 2320 laxari:

91 2350 165 2422 qood
178 2350 285 2407 denium
297 2353 331 2406 ita
343 2363 482 2423 sequetur,
498 2352 521 2406 si
537 2368 587 2407 non
608 2368 641 2407 ex
652 2353 737 2409 solido
752 2356 887 2423 querimo-

92 2441 154 2498 nias
178 2422 292 2511 partium
320 2442 487 2498 verecundus
515 2458 616 2498 censor
645 2443 698 2517 45
734 2447 885 2502 excludas:

93 2547 249 2605 quanquam
264 2543 292 2590 et
303 2535 353 2590 boc
368 2535 463 2604 ipsam,
477 2538 545 2606 qrrcd
558 2536 661 2606 copiam
674 2538 708 2589 tui
719 2537 887 2607 jurgantibus

93 2625 206 2683 dilbcile
215 2627 350 2695 concedis,
367 2627 494 2683 indicium
511 2630 545 2683 sit
558 2632 626 2685 bene
641 2631 796 2700 judicaturi.
822 2632 887 2699 Quis

705 207 947 270 EPiSTOLAliUbl
967 209 1030 270 tta.
1050 211 1085 269 il.

80 332 175 392 brem
190 372 199 401 ,
215 326 294 386 sicuti
306 335 333 386 et
348 339 420 384 nune
436 326 541 398 experti
559 339 662 385 sumus.
687 325 874 383 Menstruanus
888 334 916 395 Α

1196 323 1362 384 betsabee
1385 325 1453 384 titi.

1085 417 1209 474 Sidonias
1223 417 1374 475 Desiderato
1386 435 1433 474 ruo
1445 418 1562 477 salutern.

964 508 1152 564 licestissimus
1169 510 1227 564 bec
1241 509 1288 565 tibi
1300 511 1404 566 nuntio.
1421 511 1542 569 Decessit
1556 509 1653 569 nudius
1665 521 1721 570 ter·

931 597 995 664 tius,
1009 614 1063 654 non
1078 598 1180 667 absque
1191 600 1305 669 justitio,
1322 610 1336 639 ι
1350 612 1472 657 matrona
1486 601 1629 670 Filimatia,
1640 604 1724 660 mori·

929 706 993 762 gera
1007 691 1115 761 coniux,
1127 691 1233 747 domina
1247 692 1377 760 clemens,
1389 693 1463 748 utilis
1481 703 1578 760 mater,
1594 694 1637 764 pia
1652 694 1720 750 tilia:

930 784 973 839 cui
987 783 1111 839 debuerit
1125 784 1197 838 dumi
1208 784 1323 854 lorisque
1334 800 1446 853 persona
1457 784 1544 840 minor
1554 785 1722 856 obsequium,

932 876 1019 944 major
1038 874 1167 940 cilicium,
1191 873 1301 943 equalis
1326 875 1461 931 allectum.
1486 876 1550 931 liae
1569 891 1628 932 erim
1652 885 1724 932 esset

933 967 1011 1021 unica
1025 967 1127 1035 iamdiu
1152 967 1235 1021 matr'r
1251 967 1366 1033 antisse,
1393 969 1469 1022 laciie
1488 966 1600 1024 diversis
1622 969 1724 1025 blandi·

932 1067 1082 1112 meatorum
1101 1057 1243 1129 generibus
1260 1057 1396 1122 eliecerat,
1408 1073 1442 1112 ue
1452 1059 1520 1128 patri
1531 1058 1618 1114 adbuc
1630 1058 1722 1128 juveni

933 1147 1036 1215 sobole,
1049 1162 1129 1202 sexus
1143 1147 1255 1202 alterius
1265 1132 1473 1204 desideraretur.
1488 1148 1563 1205 Nunc
1572 1159 1664 1205 antem
1677 1165 1725 1222 per

932 1238 1020 1293 subita
1030 1252 1155 1308 suprema
1165 1239 1262 1294 virium
1274 1240 1409 1306 eoelibatu,
1422 1251 1524 1310 patrem
1537 1241 1651 1299 orbitate
1661 1257 1725 1299 eon-

933 1328 1013 1387 ladit.
1028 1331 1075 1387 ilis
1089 1329 1144 1403 46
1157 1331 1273 1400 additur,
1289 1334 1360 1404 quod
1373 1335 1492 1406 quinque
1504 1334 1617 1390 liberum
1629 1350 1726 1406 parens

934 1421 1078 1480 immaturo
1093 1425 1298 1505 eritu‘reddidit
1319 1426 1510 1483 infortunatam
1525 1428 1725 1488 fecunditatem.

935 1514 987 1582 Qui
1002 1517 1121 1586 parvuli,
1146 1518 1168 1571 si
1188 1526 1275 1574 matre
1297 1520 1400 1589 sospite
1423 1521 1603 1591 perdidissent
1626 1522 1727 1591 jamdiu

939 1607 1055 1664 debilem
1071 1618 1184 1677 patrem,
1200 1610 1288 1666 uriuus
1304 1613 1397 1681 pupilli
1408 1614 1633 1669 existimarentur.
1655 1615 1727 1672 liano

899 1703 1040 1766 litamen,
1058 1701 1080 1753 si
1104 1700 1163 1770 quis
1194 1701 1264 1756 baud
1286 1703 1420 1758 incassum
1444 1707 1530 1760 bonor
1553 1706 1727 1762 cadaveribus

938 1791 1126 1862 impenditur,
1158 1809 1211 1849 uon
1236 1796 1413 1864 vespillonum
1436 1798 1728 1868 sandapilariorumque

936 1884 1086 1940 ministeria
1099 1886 1220 1941 ourinosa
1234 1888 1418 1945 tumulavere:
1440 1890 1488 1945 sed
1508 1906 1567 1947 com
1585 1891 1728 1946 Libitinam

937 1975 1024 2047 ipsam
1045 1977 1141 2033 lientes
1161 1993 1254 2034 omncs
1283 1981 1389 2036 externi
1410 1996 1516 2052 quaque
1540 1984 1728 2051 prensitarent,

937 2079 1150 2133 remorarentur,
1171 2072 1401 2138 exoscularentur,
1429 2074 1599 2128 sacerdotum
1619 2075 1729 2144 propin·

937 2179 1103 2233 quorumque
1118 2165 1241 2220 manibus
1254 2177 1377 2236 excepta,
1391 2170 1528 2238 perpetuis
1542 2169 1650 2224 sedibus
1661 2170 1725 2225 dor-

937 2253 1029 2309 mienti
1044 2256 1156 2311 similior
1167 2257 1237 2310 illata
1252 2267 1303 2312 est.
1319 2259 1464 2328 Postque,
1481 2270 1590 2329 precatu
1613 2261 1730 2330 parentia

939 2346 1035 2415 orbati,
1048 2350 1162 2402 rrarrriam
1186 2350 1337 2414 larrebrenr,
1358 2365 1411 2406 noa
1435 2367 1483 2422 per
1504 2353 1595 2422 elegos
1616 2352 1663 2408 sed
1683 2368 1730 2424 per

939 2437 1198 2510 hendecasyllabos,
1223 2443 1350 2497 marmori
1372 2443 1495 2511 incisam,
1521 2445 1628 2514 planetu
1648 2459 1732 2516 prope

939 2530 1044 2584 calente
1057 2530 1166 2584 dietari.
1182 2533 1270 2598 eram
1284 2536 1306 2587 si
1322 2548 1375 2589 nott
1396 2534 1460 2588 satis
1473 2535 1616 2604 improbas,
1629 2535 1732 2591 ceteris

938 2623 1157 2692 epigrammatum
1185 2640 1306 2681 mearum
1337 2628 1515 2684 voluminibus
1547 2630 1732 2700 applicandam

94 2716 212 2773 enimse
226 2733 279 2772 non
294 2719 394 2774 ambiat
408 2720 538 2776 arbitrum
555 2723 615 2791 legi,
631 2731 676 2776 aut
691 2727 776 2794 pretio
789 2725 888 2794 aliquid
938 2718 1121 2773 mercenarius
1137 2719 1280 2790 bibliopola
1294 2721 1433 2789 suscipiet.
1449 2722 1478 2776 Si
1494 2722 1556 2792 quid
1571 2737 1662 2790 secus,
1676 2723 1732 2779 sui-

95 2806 262 2875 indulturus,
277 2820 323 2865 aut
335 2811 447 2881 gratim?
459 2813 540 2882 lgitur
555 2814 663 2883 ignosce
675 2815 707 2868 ad
723 2823 776 2869 tam
787 2827 888 2870 sanctae

95 2901 271 2958 conscientie
287 2904 486 2975 praerogativam
499 2908 593 2975 raptim
609 2907 805 2979 perniciterque
824 2925 887 2980 pro·

96 2993 257 3065 potantibus
282 2995 524 3066 :quandoquidem
548 2999 707 3053 sententiam
732 3011 815 3068 tuam,
839 3015 889 3055 nac

96 3087 185 3142 rietus
196 3097 226 3142 ιι
237 3087 350 3144 stolidus
360 3099 485 3157 accusat,
498 3106 547 3146 nec
560 3093 645 3146 victor
660 3101 688 3146 ut
702 3103 811 3163 argutus
827 3078 924 3149 ini-C

97 3175 163 3243 det;
175 3177 349 3249 veritatisque
364 3189 485 3252 respectu
497 3180 650 3250 dependunt
670 3182 715 3238 tibi
732 3183 830 3239 addicti
846 3199 889 3240 rc·

98 3269 260 3337 recentiam,
275 3273 387 3342 gratiam
402 3273 518 3329 liberati.
542 3275 658 3330 Proinde
676 3276 796 3346 impense
810 3279 888 3334 obse-

96 3376 161 3429 ero,
185 3372 215 3418 ut
233 3363 302 3419 inter
322 3364 457 3421 Alethium
478 3374 506 3421 et
524 3365 647 3435 Paolum,
664 3383 722 3438 que
737 3369 847 3425 veniunt
861 3371 888 3425 iu

98 3458 338 3530 disceptationem,
355 3477 419 3518 mox
443 3473 472 3518 ut
497 3465 621 3534 utrinque
641 3465 737 3520 luerint
756 3469 890 3537 opposita,

98 3550 245 3622 discingas.
267 3551 404 3623 Namque,
428 3555 454 3609 ni
474 3555 564 3622 taitar,
586 3570 665 3626 supra
688 3537 891 3628 decemvirales,

100 3644 321 3714 pontificalesque
343 3647 512 3712 sententias,
533 3648 683 3718 aegritudini
702 3650 780 3721 bajus
808 3667 893 3722 prope

100 3735 310 3793 interminabilis
322 3737 414 3810 jurgii,
429 3739 485 3795 sola
498 3755 602 3797 morum
618 3750 723 3797 tuorum
743 3753 894 3813 temperan-

100 3827 140 3884 tia
154 3827 231 3885 solita
239 3828 375 3899 judicandi
389 3830 546 3888 salubritate
559 3833 746 3889 medicabitur.
763 3834 839 3894 llale.

139 4011 154 4040 ⁸
165 4000 217 4058 Pro
229 4004 398 4060 Philematia.
418 4004 538 4062 Priscum
563 4015 591 4063 et
604 4022 698 4064 uerum
714 4026 811 4070 nomen
835 4024 892 4072 erat

102 4074 896 4217 ''lli'illla‘'dlllldldlillilllllililli:

102 4145 168 4273 bibo:
182 4216 330 4306 Φιλημάτιον
349 4215 376 4272 δι’
390 4218 470 4272 πολλὰ
486 4165 610 4295 χαιρέτὲι.
627 4221 706 4307 Dicta.
717 4226 789 4280 enlm
810 4226 897 4283 itiite-

103 4295 219 4412 2¹:³th1ss
232 4295 435 4414 ζὲιιιέιριιῖτιῖξις
447 4289 481 4344 ab
492 4291 583 4346 osculo
597 4308 603 4343 ι
618 4295 688 4361 quod
700 4297 786 4351 brittuli
796 4296 897 4354 labere·

173 4373 181 4412 Ι
296 4375 312 4412 u
335 4374 343 4412 1
365 4397 373 4413 .
426 4375 433 4411 ἶ

169 4468 261 4520 simula
271 4482 335 4533 «aaa
347 4482 375 4519 ac
386 4477 466 4535 satyra
478 4478 525 4536 est,
538 4472 630 4524 labiosa
641 4489 728 4540 ,ιιημι

105 4576 202 4633 eadem
213 4576 298 4634 lorma
309 4593 362 4648 qua
372 4580 574 4651 Cbeiidorrium,
591 4583 777 4653 Eustochium,
800 4587 898 4659 Glyce-

105 4649 190 4712 rium,
204 4648 358 4712 llusariam,
374 4651 553 4722 Cymbalium,
574 4663 601 4710 et
624 4656 673 4710 alia
698 4671 745 4710 seu
773 4673 832 4713 sera
851 4674 899 4714 seu

106 4719 171 4772 licta
195 4720 302 4773 nomina
328 4721 568 4792 mulierumque
587 4727 718 4794 posterior
734 4736 799 4783 aetas
823 4731 900 4784 aliter

106 4789 226 4855 inllexit,
241 4798 268 4843 ut
282 4790 451 4859 Philematia,
465 4791 633 4859 Clrelidonia,
660 4796 807 4868 eodemque
820 4799 901 4855 modo

106 4867 216 4913 caterae
229 4861 441 4930 appellarentur.
454 4863 507 4918 Sed
520 4880 568 4932 pro
582 4867 737 4921 Plrilematia
753 4869 899 4938 Filimatia,

87 4980 90 4985 ⁴
107 4936 138 4984 et
150 4943 200 4998 pro
218 4930 377 4986 Plrilematio
397 4931 547 4989 Filimatius
576 4935 683 4991 tandem
706 4939 788 4993 scribi
808 4941 899 5009 coepit,

92 5008 218 5055 :retento
227 5000 329 5055 Graecae
343 5004 416 5058 vocis
426 5016 503 5071 sono,
516 5020 568 5060 non
580 5007 768 5078 ortlrograpbia
781 5018 808 5064 et
818 5026 904 5080 quau·

107 5069 200 5124 ritate.
216 5070 253 5125 lta
265 5075 338 5126 enim
352 5072 502 5129 Filimatius
513 5076 540 5130 in
550 5076 643 5132 codice
663 5078 850 5136 'l'bcodosiano
866 5082 903 5135 le·

106 5141 184 5209 gitur
207 5155 298 5196 comes
322 5157 460 5199 sacrarum
485 5145 655 5218 largitionum
683 5148 733 5204 sub
757 5150 900 5206 Gratiano:

106 5212 177 5266 item
192 5211 262 5281 apud
278 5212 416 5269 Sidonium
437 5215 484 5271 lib.
499 5233 519 5284 x,
534 5219 613 5288 epist.
627 5219 654 5282 3,
669 5229 695 5273 et
709 5218 756 5275 lib.
773 5237 799 5286 v,
823 5223 902 5290 epist.

109 5279 158 5350 tt,
182 5283 225 5336 ubi
248 5283 372 5340 Pilixrratii
396 5288 497 5343 mentio
519 5299 561 5344 est
576 5289 696 5359 hujusce,
712 5291 817 5360 opinor,
837 5291 899 5347 Fili·

108 5352 206 5432 rnatite
218 5363 318 5410 nostre
329 5359 424 5426 patris.
441 5357 499 5413 iam
520 5374 587 5415 xero
606 5375 658 5415 non
670 5360 755 5416 solum
770 5359 905 5418 Philema-

107 5428 182 5478 tttrm
199 5424 270 5493 apud
283 5436 388 5483 ueteres
414 5428 511 5483 lemina
534 5431 682 5498 dicebatur,
707 5447 799 5488 rerum
822 5435 903 5490 etiam

108 5489 286 5554 Pbiletnatio.
310 5496 386 5554 Sicut
399 5501 470 5555 onim
493 5501 619 5557 i'enuleia
643 5502 844 5573 Philematium,
867 5506 906 5561 sie

10 5692 12 5697 ,
93 5618 98 5639 “
145 5637 270 5690 'Delam
285 5642 384 5706 abgaro
394 5647 562 5710 regiojuxene
573 5645 641 5707 eujus
651 5649 800 5712 epitaphium
810 5649 849 5700 bic
861 5661 908 5699 ex-

10 5756 15 5775 ,
107 5698 187 5761 ledet
198 5700 353 5760 Sirmomius.
364 5707 455 5761 tideus
464 5720 520 5765 uua
531 5708 667 5767 conjecerit
686 5712 797 5764 cruditus
808 5710 908 5769 Franci·

941 2808 996 2861 sarsit
1011 2823 1195 2867 saxorarmeu
1210 2824 1318 2865 saxeum
1343 2812 1484 2866 contineri.
1505 2810 1561 2879 liae
1584 2813 1655 2867 enim
1676 2813 1733 2884 epi·

941 2902 1060 2971 taphium
1078 2913 1128 2957 cst.

1003 2992 1094 3043 Occasu
1103 2994 1179 3043 celeri
1190 2993 1293 3057 leroque
1302 3001 1395 3058 raptam

1001 3054 1069 3104 Natis
1080 3056 1198 3118 quinque,
1211 3060 1333 3119 patrique,
1344 3058 1499 3120 conjugique,

1001 3117 1054 3166 lloc
1065 3118 1147 3166 beatis
1159 3122 1243 3176 patrie
1253 3131 1338 3167 manus
1349 3118 1456 3168 locarunt

1003 3177 1136 3226 Matronam
1151 3179 1314 3229 Pltilimatiam
1326 3180 1445 3242 sepulcro.

1006 3239 1026 3287 0
1039 3240 1153 3301 splendor
1168 3243 1278 3303 generis,
1289 3242 1364 3292 decus
1375 3244 1454 3292 mariti
1465 3281 1471 3291 .

1007 3299 1131 3361 Prudens,
1143 3312 1217 3358 casta,
1227 3303 1327 3364 decens,
1336 3316 1432 3365 severa,
1443 3304 1529 3368 dulcis,

1007 3362 1087 3424 Atque
1098 3365 1154 3424 ipsis
1165 3365 1304 3416 senioribus
1314 3369 1457 3428 sequenda:

1005 3421 1172 3474 litscordautia
1183 3439 1238 3489 quae
1246 3428 1327 3477 solent
1339 3430 1427 3490 putari,

1007 3484 1099 3534 ilornm
1111 3489 1280 3539 commoditate
1289 3489 1415 3551 copulasti.

1004 3546 1065 3595 liam
1082 3550 1138 3598 vite
1149 3551 1250 3600 conrites
1269 3552 1338 3599 bonae
1351 3551 1460 3614 luerunt,

1006 3606 1119 3658 Libertas
1133 3614 1222 3672 gravis,
1232 3620 1254 3662 et
1265 3611 1342 3674 pudor
1352 3612 1454 3664 lacetns.

1006 3669 1070 3719 ilinc
1080 3678 1119 3720 est
1135 3674 1198 3734 ‹puod
1210 3675 1329 3723 decimam
1346 3679 1394 3723 tuae
1404 3675 1475 3725 saluti

1008 3731 1054 3779 vix
1067 3740 1143 3781 actam
1156 3736 1308 3784 trieteridem
1324 3735 1443 3797 dolemus,

1008 3794 1089 3855 Atque
1109 3796 1132 3842 in
1145 3797 1294 3866 temporibus
1307 3799 1410 3858 vigeatis
1422 3799 1477 3858 tevi,

1009 3853 1024 3893 b
1037 3853 1129 3917 injuste
1141 3857 1184 3907 tibi
1193 3863 1257 3917 Justa
1268 3859 1398 3922 persoluta.

947 4019 1022 4076 Aelia
1043 4021 1097 4093 30
1118 4022 1275 4080 Plrilematio
1295 4026 1323 4081 in
1346 4026 1398 4081 anti
1420 4026 1460 4082 ois
1476 4026 1607 4099 lapidibus
1634 4032 1734 4101 reperi·

947 4098 998 4160 tur,
1013 4103 1039 4147 et
1052 4094 1119 4148 'titia
1134 4095 1290 4151 l’bitexnatio
1301 4097 1327 4151 ia
1344 4097 1394 4154 boc
1432 4099 1563 4168 ccciensi,

1296 4167 1386 4224 Titia

1239 4237 1449 4296 balistrario

1263 4310 1344 4365 vive
1364 4310 1426 4366 SlBl

1214 4381 1260 4436 ET
1274 4381 1348 4438 SUlS
1362 4381 1472 4438 Facta.

952 4468 1095 4542 Utriusque
1114 4480 1203 4531 autem
1218 4474 1371 4543 exemplum
1394 4484 1484 4530 exstat
1498 4475 1524 4529 ia
1542 4475 1627 4533 altero
1650 4479 1740 4550 lapide

951 4551 1115 4611 peruetusta,
1129 4553 1220 4599 nostra
1232 4546 1361 4599 memoria
1377 4544 1403 4599 in
1415 4547 1479 4600 urbe
1494 4546 1526 4601 ad
1543 4556 1646 4615 portant
1665 4550 1741 4607 Sala·

950 4612 1018 4666 riam
1032 4612 1129 4668 eliosso
1144 4631 1151 4669 :
1165 4615 1190 4669 in
1202 4631 1254 4686 qao
1263 4615 1398 4684 exsculpti
1410 4626 1472 4671 suxit
1484 4617 1536 4672 duo
1547 4621 1673 4690 coniuges
1683 4622 1741 4676 col-

950 4680 1050 4751 liberti,
1066 4693 1092 4739 et
1105 4686 1154 4740 sub
1169 4695 1281 4754 utraque
1292 4685 1381 4754 elligie
1402 4688 1505 4755 singula
1523 4690 1657 4761 epitapbxa
1683 4691 1741 4748 rudi

951 4766 1036 4822 opere
1050 4756 1143 4809 inrisa.
1159 4755 1294 4810 idalia-bris
1309 4766 1398 4812 antem
1415 4758 1466 4813 boc
1479 4768 1520 4814 est
1535 4760 1648 4828 initium,

1152 4887 1266 4927 Aebutia
1281 4888 1306 4927 i..
1323 4888 1349 4927 b.
1367 4888 1540 4931 outueuttto.

1015 4980 1074 5030 Vita
1088 4981 1249 5033 Philematum
1260 4997 1315 5034 sum
1325 4983 1423 5035 Aurelia
1435 4998 1467 5035 no
1477 4983 1587 5050 airrita'ta,

1045 5044 1122 5105 Casta,
1135 5044 1238 5107 pudens,
1250 5045 1333 5108 rotgei
1345 5049 1436 5109 nescia,
1451 5046 1513 5098 icida
1526 5051 1587 5098 riro.

990 5146 1242 5205 bCommunisbarc
1261 5152 1425 5222 querimonia
1448 5153 1473 5206 in
1494 5161 1581 5209 morto
1604 5153 1745 5215 immatura

955 5218 1076 5274 sublatis.
1093 5220 1160 5275 lline
1180 5222 1223 5276 illa
1237 5223 1264 5277 in
1279 5223 1394 5292 antiquis
1414 5224 1604 5289 monumentis,
1621 5224 1745 5300 bateja·

956 5290 1099 5346 dicentibus
1124 5293 1202 5360 satir,
1227 5306 1272 5358 et,
1297 5291 1405 5348 Sublata
1420 5303 1457 5348 est
1470 5295 1551 5350 oculis
1564 5301 1618 5366 [uto
1633 5296 1745 5353 dictante

956 5360 1052 5428 iniquo.
1065 5363 1175 5431 Elegaus
1192 5366 1217 5418 in
1233 5364 1284 5418 boc
1298 5379 1396 5448 genere
1412 5365 1533 5436 'Abgari
1554 5367 1622 5438 regii
1641 5368 1745 5438 iuvenis

957 5432 1132 5500 epitaphium,
1146 5437 1215 5504 quod
1230 5437 1322 5489 ltontae
1337 5437 1429 5507 paucis
1451 5437 1550 5492 ablrinc
1570 5440 1647 5493 annis
1659 5438 1692 5492 ad
1712 5437 1744 5491 b.

958 5502 1030 5556 Pauli
1047 5503 1182 5559 basilicam
1203 5515 1308 5562 erutum
1328 5508 1505 5574 meminimus,
1525 5508 1685 5579 dignumque
1704 5507 1746 5561 ri·

958 5655 1016 5694 scus
1025 5643 1063 5692 W
1069 5645 1105 5694 ise
1114 5644 1137 5693 ia
1147 5645 1249 5707 epistola
1259 5644 1289 5694 ad
1301 5646 1331 5694 v.
1341 5645 1367 5696 C.
1375 5646 1493 5697 loannem
1502 5646 1597 5696 llassou
1605 5642 1638 5693 de
1648 5654 1749 5696 nummo

963 5708 1050 5767 abrai
1061 5708 1137 5768 regia,
1155 5707 1220 5760 edita
1231 5708 1331 5760 Oxoaiae
1345 5709 1413 5770 iiio,
1426 5721 1482 5770 pag.
1492 5707 1532 5759 bi.
