3810 6254
190 302 240 367 set
625 296 794 360 serenant
812 296 859 355 rto
879 293 1055 385 trecensu
1078 284 1257 350 vrrsussvt.
1391 328 1395 335 .
1767 292 1819 351 58⁸

190 424 324 484 tornando
336 423 363 478 in
379 422 447 477 libro
461 418 494 474 dc
507 430 588 473 renvvs
601 415 700 472 Geticis
714 428 774 482 cap.
789 413 835 479 ta,
854 412 899 467 ubi
920 411 975 466 lla·
988 413 1013 472 Α
1028 409 1054 465 in
1075 422 1170 479 poema
1192 406 1323 463 Gallicum
1347 406 1381 464 de
1404 405 1499 466 eedem
1524 417 1618 465 sancto
1642 408 1766 477 Paulivvo,
1788 419 1818 466 et

190 497 284 569 turriani
297 505 407 548 mortem
425 493 547 545 Dertonae
567 487 600 542 ad
617 488 684 541 iram
700 499 805 539 omnem
829 482 974 552 contigisse
1027 490 1120 535 auctor
1137 478 1181 550 qui
1203 493 1297 533 novant
1316 477 1436 547 ejusdem
1457 481 1541 535 saneti
1559 481 1607 536 viri
1629 495 1741 552 operum
1755 482 1817 536 edi·

190 576 331 623 temanum.
353 564 425 616 llaoc
437 574 516 626 porro
531 557 669 614 chvserici
689 556 790 609 artibus
812 555 861 624 ipsi
884 567 975 608 aecer·
1026 546 1317 616 cinnomannorum,
1336 550 1444 605 Parisiis
1454 553 1625 676 procuravit,
1645 566 1712 625 quos
1729 552 1815 609 alios·

190 640 266 692 sitam
283 637 362 688 brisso
378 631 441 686 rstitvl
455 628 676 684 verisivtvillimum
692 625 779 680 reddit
790 625 844 690 ipsa
859 622 974 677 bominis
1025 637 1077 691 que
1090 623 1134 692 qni
1147 620 1181 676 de
1195 621 1244 674 bac
1259 621 1439 676 covvtroversir
1466 623 1539 679 usius
1552 632 1675 694 egerunt,
1688 624 1817 680 consulas

190 703 378 775 improbi-siuti
391 700 519 769 rchuitia,
533 699 578 766 qui
602 699 685 752 multo
700 696 776 766 plura
798 694 974 748 trondotentts
1025 693 1047 748 si
1061 701 1148 747 vacat.

189 775 369 833 molitionibus
394 786 472 838 squam
491 772 590 824 virtute
614 767 706 823 bellica
728 775 774 820 sut
792 763 974 834 magnitudine
1062 761 1105 817 l8.
1127 762 1229 820 Laudat
1241 764 1379 820 Ferrarius
1391 762 1418 817 ln
1432 763 1558 837 catalogo
1570 766 1689 838 perarsit
1703 774 1814 823 saneto.

188 848 269 901 animi
284 859 364 898 astons
377 851 428 896 est.
439 846 571 895 ttaeterum
583 849 642 908 post
653 836 789 906 blojorinni
800 849 902 899 necem,
915 849 973 904 qun
1024 848 1083 889 rom
1099 833 1182 888 ltalia
1197 835 1371 902 oleastros,
1389 832 1516 900 Sentium,
1537 850 1583 891 sen
1599 837 1735 904 sensium,
1750 845 1813 909 ant,

189 910 678 984 qualaiioetcherinoconsulibus.
696 910 745 960 troc
764 917 805 960 est
822 921 891 959 anno
912 905 972 958 vul·
1024 916 1052 959 ιιι
1075 904 1118 957 alii
1140 906 1274 968 scribunt,
1291 905 1425 974 Srnriam,
1450 921 1529 974 quem
1552 921 1612 962 cum
1636 906 1816 965 llomnvlliano

188 989 329 1055 parismrae
341 984 388 1038 llil
399 981 522 1050 contigit,
535 980 660 1049 paulatim
676 977 811 1045 republica
831 976 863 1030 ad
881 976 973 1030 interi·
1024 974 1166 1045 presbytero
1187 994 1216 1029 oc
1236 978 1315 1030 tribus
1329 975 1474 1040 monacbis,
1490 976 1633 1042 Connldeo,
1651 978 1764 1033 lstocltio
1787 988 1815 1034 ct

188 1065 243 1110 tunt
256 1063 392 1125 vergente,
407 1054 471 1107 nibli
484 1048 763 1132 adversuslandalos
776 1047 860 1128 ipsius
870 1059 973 1129 succes
1023 1043 1139 1126 inforare,
1151 1062 1165 1102 a
1176 1047 1321 1102 Geraserico
1333 1045 1504 1129 Canvpaniam
1521 1047 1638 1105 italicam
1654 1052 1814 1133 deysstaute

187 1115 972 1258 :limitatadilatat:toajlttttttttll
1022 1115 1814 1261 stillat.,tarteria,latrator,listis

186 1281 250 1323 uum
265 1269 339 1338 ipsis,
358 1280 407 1319 noc
420 1263 499 1319 rebus
510 1263 593 1332 gestis
608 1261 711 1328 insigne
726 1257 805 1312 luerit
819 1258 970 1322 imperium.
1023 1255 1182 1312 Godelridus
1195 1258 1379 1314 licascivenius
1392 1258 1543 1315 observavit
1555 1260 1588 1316 ad
1604 1260 1674 1316 diem
1688 1261 1725 1316 Ed
1739 1261 1814 1330 llsii,

221 1338 266 1395 to.
289 1339 354 1392 Cum
374 1335 464 1404 itaque
482 1331 644 1388 Gcnsericus
664 1329 765 1382 ostilam
785 1329 841 1395 jam
863 1327 972 1383 balteret
1023 1326 1067 1382 ubi
1079 1327 1200 1396 ciusdem
1220 1331 1306 1384 saneti
1321 1329 1405 1383 Servtii
1420 1336 1478 1382 arta
1492 1330 1673 1398 proleruntur,
1688 1331 1736 1386 sed
1751 1346 1814 1401 qaas

185 1408 237 1465 sibi
250 1408 429 1470 resistentem,
442 1404 552 1472 impune
568 1399 681 1455 llontsai
699 1399 803 1468 invpcrii
818 1401 972 1467 provincias
1022 1397 1121 1453 nullius
1136 1410 1198 1453 suvrt
1211 1399 1387 1454 auctoritatis.
1413 1399 1439 1452 ld
1459 1414 1541 1454 nuum
1556 1409 1670 1465 eorvstst,
1686 1401 1811 1458 Sentium

185 1478 355 1545 devastabat,
369 1491 448 1545 quem
471 1474 531 1527 ideo
543 1473 652 1542 piratam
664 1478 688 1524 et
709 1470 832 1523 latronem
857 1469 972 1537 appellat
1022 1467 1118 1535 Blerre,
1134 1469 1212 1536 rotgo
1225 1468 1320 1534 Dietla,
1339 1470 1366 1525 iu
1383 1469 1507 1534 Etruria,
1527 1471 1565 1526 uti
1580 1472 1742 1557 praecipuum
1757 1473 1812 1529 teet

185 1550 321 1614 Sidonius,
347 1548 390 1618 qui
414 1545 490 1613 plura
514 1543 580 1597 iocis
603 1557 618 1596 a
639 1554 683 1595 rae
704 1552 784 1609 snpra
804 1539 917 1594 lavvdatis
937 1537 972 1594 de
1022 1547 1163 1606 patronum
1177 1541 1248 1596 ooli:
1264 1554 1348 1595 sacrm
1368 1549 1455 1596 sutem
1474 1539 1557 1604 ipsius
1577 1543 1695 1613 reliquus
1707 1541 1813 1614 Spoleti

184 1618 364 1674 laudatorum
386 1611 629 1680 depredationibus
649 1610 860 1665 hebetiorum
883 1616 970 1663 autem
1021 1609 1049 1662 in
1061 1609 1173 1665 ecclesia
1185 1611 1425 1666 sartctirnonialivrnr
1437 1611 1813 1686 ordivvisServosttm,massno

184 1701 242 1744 erat
258 1687 393 1744 Genserict
406 1684 596 1752 Vandalicique
613 1682 730 1736 nominis
743 1691 839 1744 terror,
856 1689 884 1733 ut
898 1680 970 1734 malla
1021 1680 1110 1749 popvrli
1124 1696 1255 1737 cvvncursu
1270 1681 1450 1737 celebrantur.

187 1759 291 1830 imperii
307 1757 457 1831 provincias
469 1768 500 1810 se
518 1755 552 1808 sb
569 1753 628 1821 eius
641 1749 783 1807 insultibus
804 1759 887 1805 tutam
910 1764 970 1827 esse
985 1780 1010 1843 B
1058 1750 1101 1806 ta.
1122 1751 1217 1807 lisdem
1232 1750 1370 1808 Geraserioi
1384 1752 1550 1819 temporibus
1565 1752 1682 1824 llalorli,
1700 1755 1745 1825 qai
1760 1755 1794 1810 'li

184 1838 298 1900 putaret.
325 1831 419 1884 ttarrat
441 1835 534 1880 auctor
548 1823 615 1878 Vita
635 1821 721 1876 sancti
737 1821 853 1875 Danielis
865 1820 968 1892 striatas
1022 1821 1120 1877 burtiui
1135 1822 1271 1892 cujusdam
1286 1821 1385 1878 nobilis
1397 1823 1446 1877 riri
1458 1837 1553 1879 servus
1567 1833 1634 1891 erat,
1650 1825 1811 1897 martyriam

183 1913 244 1970 cap.
260 1902 304 1965 53,
316 1900 385 1970 rpnd
398 1898 505 1954 Surium
520 1894 563 1949 die
576 1893 606 1948 tt
620 1891 785 1955 Decembris,
796 1890 894 1945 laruam
906 1901 968 1945 tunc
1018 1891 1177 1962 contigisse,
1205 1893 1269 1947 nribi
1295 1893 1448 1963 aliquandiu
1468 1893 1614 1951 verisimile
1633 1894 1721 1951 visura
1745 1907 1809 1962 est,

183 1972 312 2041 temporis
329 1984 376 2037 per
394 1966 531 2023 universas
549 1963 652 2034 imperii
674 1963 825 2031 provincias
836 1962 967 2031 vulgatam
1018 1963 1139 2034 quamvis
1156 1964 1226 2034 apud
1242 1964 1350 2018 Petrum
1366 1965 1519 2035 Equilinuvn
1534 1965 1690 2035 episcopum
1709 1967 1737 2031 ln
1751 1966 1806 2023 Ga·

184 2040 265 2095 luisse
278 2041 452 2096 Gerasencum
471 2051 531 2091 cum
547 2035 646 2104 ingenti
661 2035 748 2088 classe
765 2032 893 2087 adversus
915 2032 968 2085 llo·
1019 2034 1107 2104 talogo
1128 2035 1173 2090 lib.
1188 2048 1229 2102 ts,
1253 2049 1313 2104 cap.
1328 2033 1395 2100 tot,
1418 2044 1446 2090 et
1466 2034 1617 2091 Ferrarium
1637 2037 1663 2091 in
1680 2035 1812 2108 catalogo

182 2126 276 2165 manos
292 2112 365 2166 brevi
389 2113 544 2169 venturum,
567 2104 643 2174 cujus
667 2103 728 2158 belli
748 2103 886 2173 praemium
910 2102 967 2169 ipsa
1016 2104 1134 2174 generali
1156 2113 1310 2161 sanctorum
1331 2104 1414 2160 itallae
1432 2104 1468 2160 tt
1485 2105 1530 2160 die
1542 2106 1680 2174 Octobris,
1701 2107 1810 2164 dicatur

181 2180 250 2236 loret
262 2180 424 2236 Alexandria
439 2177 542 2232 civitas.
557 2176 676 2230 toutens
690 2181 733 2228 cst
746 2175 816 2243 quod
831 2173 865 2254 de
875 2188 908 2227 eo
919 2174 964 2226 lra-
1016 2176 1043 2228 in
1064 2176 1240 2246 persecutione
1257 2175 1340 2301 ἕω
1357 2173 1501 2230 lereettca
1523 2177 1569 2231 sul
1593 2176 1724 2232 Esnenco
1748 2194 1810 2251 repe

183 2250 244 2319 bet,
261 2251 425 2321 Procopius,
456 2259 552 2315 nempe
578 2245 663 2301 lerum
695 2244 769 2298 illum
800 2242 965 2315 principem,
1017 2246 1237 2315 comprehensus.
1283 2246 1519 2318 onericusquippe
1532 2247 1739 2303 'l’ibarinullanr
1755 2265 1808 2304 an·

181 2336 242 2376 cum
254 2322 398 2393 aliquando
411 2335 426 2375 e
439 2316 607 2386 Cassitaqinis
620 2323 699 2386 portu
712 2313 847 2379 solvisset,
861 2328 875 2367 a
888 2324 967 2369 nauta
1017 2331 1096 2386 quatu
1114 2316 1205 2373 babuit
1224 2325 1392 2386 potestatem.
1407 2316 1503 2372 iarios
1516 2319 1651 2374 cruciatus
1667 2318 1766 2389 quibas
1780 2319 1809 2377 in

181 2392 373 2462 interrogatum
384 2406 437 2462 qno
449 2388 532 2444 vellet
543 2386 642 2442 interro
658 2385 767 2450 bellurn,
783 2384 965 2454 respondisse,
1017 2401 1078 2442 eum
1093 2386 1200 2442 barbari
1215 2388 1327 2443 scotere
1339 2386 1456 2457 produnt
1470 2388 1508 2443 illi
1521 2398 1655 2444 suctores.
1675 2389 1807 2457 Priensvvv,

180 2459 213 2516 ro
222 2478 265 2517 ces
278 2463 368 2532 quibus
379 2462 460 2514 iratas
472 2466 508 2513 cst
520 2456 599 2511 Deus.
615 2455 657 2509 lto
666 2457 745 2509 callis
755 2455 786 2508 de
797 2456 889 2519 causis,
901 2456 965 2510 sub·
1017 2455 1150 2526 inquiunt,
1160 2459 1268 2528 fastibus
1274 2456 1322 2513 dits
1333 2466 1466 2524 mactatur,
1474 2461 1576 2515 trocleis
1585 2460 1677 2514 danda
1686 2460 1713 2513 ivs
1721 2458 1809 2515 citatas

181 2530 238 2586 'icit
261 2533 330 2586 idcuv
355 2541 464 2597 auctor,
495 2529 520 2581 in
545 2527 644 2597 qrtosris
667 2525 799 2579 hostiliter.
812 2526 964 2580 incurrebat.
1016 2526 1114 2597 pluries
1129 2529 1249 2592 elevatas,
1269 2535 1293 2581 et
1312 2528 1430 2583 deorsam
1444 2529 1575 2585 celerrime
1587 2529 1718 2586 demersas
1728 2546 1809 2603 saper

180 2545 314 2656 ιΙιιιιιοιοο
328 2601 389 2656 iden
408 2600 568 2670 corentinum
587 2607 612 2649 et
624 2610 718 2650 maura
731 2594 828 2648 bostem
850 2595 968 2663 appellat
1016 2597 1100 2653 silices
1113 2599 1254 2653 comebat.
1271 2597 1335 2652 root
1350 2597 1479 2667 lapidibus
1494 2600 1533 2655 illi
1548 2600 1632 2672 piaque
1644 2614 1726 2667 ssqse
1739 2604 1809 2656 selec

179 2670 361 2727 'lbeodorieus
376 2685 421 2724 rev
432 2669 501 2738 apud
514 2665 702 2722 Cassiodorunr
714 2666 781 2720 libro
795 2663 965 2730 stortanno,
1017 2671 1200 2740 confricantur,
1214 2669 1293 2722 donec
1309 2669 1407 2722 raudera
1426 2671 1523 2724 aiscera
1537 2682 1703 2725 serenentur
1714 2681 1738 2725 er
1751 2672 1808 2753 dis-

179 2744 260 2811 epist.
272 2744 301 2807 l,
316 2742 387 2812 quod
401 2739 500 2809 absque
518 2751 597 2792 caasa
611 2746 638 2791 ct
657 2737 709 2790 uila
732 2735 797 2790 belii
820 2735 965 2791 iudictiotte
1015 2739 1132 2808 parerem.
1149 2739 1248 2806 Quibus
1260 2740 1286 2793 in
1300 2741 1433 2808 suppliciis
1445 2740 1511 2794 tribil
1522 2742 1553 2794 tle
1564 2741 1708 2796 constantia
1719 2752 1808 2796 remst-

179 2813 331 2882 provineias
347 2826 477 2882 quasque,
492 2809 663 2882 mprout
678 2806 744 2878 ipsis
764 2805 895 2876 placebat,
920 2806 967 2862 de·
1017 2818 1081 2873 tens,
1101 2810 1164 2880 quin
1184 2810 1261 2863 eriam
1282 2826 1341 2863 cem
1362 2812 1389 2865 ivr
1412 2811 1472 2879 {idei
1494 2812 1627 2867 catholice
1646 2815 1808 2891 respersione

179 2885 342 2952 populandas
353 2881 588 2954 aggrederentur„
1016 2882 1173 2935 constantior
1189 2890 1338 2950 appareret,
1361 2881 1497 2935 noriminve
1516 2881 1603 2953 plodio
1622 2896 1702 2937 cesus
1721 2882 1808 2939 vettte

215 2954 256 3008 tt.
280 2954 321 3010 Ad
335 2955 453 3023 aliquam
467 2963 550 3020 porro
570 2964 606 3004 ex
626 2948 668 3002 lris
681 2948 776 3003 anneis
791 2947 965 3005 barbarorum
1016 2952 1168 3021 martyriam
1189 2951 1295 3005 absolvit
1317 2967 1385 3004 none
1405 2951 1525 3007 cedendas
1540 2951 1700 3008 llenmbrls.
1722 2951 1808 3007 Err'srr

178 3024 382 3079 occursionibus
400 3036 527 3077 revocare
548 3026 680 3076 conantur
698 3017 819 3074 nonnulii
841 3028 965 3076 auctores
1016 3035 1108 3091 corpus
1125 3021 1162 3076 ili
1177 3019 1300 3090 (libare)
1314 3023 1440 3093 sepsltsrn
1459 3022 1544 3077 adbse
1564 3032 1715 3093 perseverat.
1767 3039 1807 3079 ee

178 3095 284 3150 celebre
299 3094 364 3148 illud
377 3092 481 3148 Paulini
495 3090 589 3146 Nolani
603 3089 720 3160 episcopi
735 3090 844 3156 lectum,
860 3091 932 3160 quod
949 3105 964 3146 s
1017 3089 1069 3146 illi:
1081 3092 1128 3147 sed
1138 3107 1199 3147 carn
1211 3093 1359 3147 besverbs
1368 3092 1560 3159 exscriberem,
1572 3093 1636 3148 vnibi
1649 3095 1674 3148 in
1685 3105 1807 3151 terentesn

179 3163 310 3233 Gregorio
325 3166 419 3234 Magno
440 3168 466 3217 ta
487 3162 535 3218 lib.
549 3175 578 3215 ιιι
592 3160 772 3229 Dialoqorura,
787 3161 899 3229 aspiret
921 3175 965 3217 re·
979 3144 1003 3210 C
1018 3163 1089 3218 renit
1109 3163 1178 3230 apud
1198 3162 1265 3217 istos
1279 3170 1403 3218 ssemres
1421 3177 1475 3218 non
1495 3163 1575 3219 sliam
1596 3164 1641 3220 btc
1654 3163 1804 3220 indicatum

179 3235 325 3290 latorocst.
350 3235 386 3289 lbi
405 3233 590 3288 savrottssuoas
608 3230 831 3300 pontileanarrat
847 3244 966 3287 sesse-
1017 3247 1098 3303 qaam
1112 3232 1363 3289 Sanasounitai
1377 3232 1485 3303 llslons
1501 3237 1528 3289 in
1543 3233 1714 3291 statumen
1797 3277 1806 3303 ,

178 3304 458 3372 niorilvasscccpisse‚
476 3302 582 3357 beatum
597 3301 749 3367 Paulinum,
769 3314 830 3354 cum
849 3300 877 3355 ia
895 3302 967 3359 redi·
1054 3318 1095 3357 ern
1119 3317 1215 3363 revera
1237 3304 1289 3358 sub
1312 3302 1446 3360 liuaerico
1467 3318 1574 3374 passum
1597 3303 1688 3366 ιιιιιιιι
1710 3249 1810 3363 m

177 3375 281 3431 suendis
291 3374 401 3445 captivis
410 3371 555 3445 operamque
563 3371 738 3427 sublevandis
747 3383 863 3426 ιοοοιιοο
872 3385 967 3430 manes
1042 3372 1135 3429 irensis
1149 3374 1226 3430 initio
1240 3372 1300 3430 libri
1312 3373 1412 3444 quinti,
1434 3383 1464 3430 ιιι
1475 3374 1531 3445 jam
1546 3375 1573 3430 in
1587 3374 1659 3430 vrods
1679 3374 1713 3431 sd
1733 3376 1810 3435 bane

177 3459 287 3515 pmvrtvs
311 3443 541 3515 consumsisset,
566 3457 582 3497 a
607 3454 725 3512 paupere
748 3441 862 3511 quadam
886 3442 965 3498 vidua
1018 3443 1104 3501 locum
1133 3447 1351 3516 premonuimus.
1381 3444 1414 3499 Et
1436 3445 1544 3515 quidem
1566 3444 1590 3501 si
1611 3447 1672 3514 quis
1693 3445 1805 3503 illorum

176 3515 347 3570 sollicitatum
364 3516 446 3571 tuisse
459 3513 493 3568 de
506 3513 593 3582 pretio
608 3527 661 3582 qao
676 3513 760 3567 titivrm
776 3526 853 3567 suurn
867 3527 882 3565 s
894 3510 966 3568 Vau-
1015 3516 1097 3569 rerba
1111 3529 1172 3570 cura
1186 3515 1300 3573 Victoris
1322 3523 1394 3571 testu
1409 3530 1566 3584 comparare
1579 3515 1708 3581 voluerit,
1723 3515 1815 3573 iscile-

176 3585 245 3640 dslis
265 3586 439 3657 cavrrpnnisnv
463 3583 663 3639 devastantibus
686 3593 812 3665 captum,
838 3591 924 3666 atque·
936 3585 963 3639 in
1016 3583 1145 3710 intelliget
1158 3588 1282 3643 eumdem
1296 3587 1386 3654 reipsa
1406 3600 1465 3642 csse
1485 3597 1648 3713 mandram,
1667 3601 1749 3655 quern
1769 3588 1807 3643 ob

178 3657 294 3711 stricato
310 3659 479 3727 deportatum
490 3655 625 3709 redintere
640 3660 740 3720 posset.
758 3652 808 3708 cvr
823 3667 882 3707 curn
899 3655 964 3711 urlvil
1017 3653 1103 3711 l'alsr
1119 3657 1137 3710 ii
1151 3666 1177 3713 et
1187 3654 1276 3712 Tiberi
1287 3656 1425 3712 nominum
1437 3657 1549 3713 similitu
1568 3656 1639 3713 toan
1650 3656 1820 3725 Ferrariam,

176 3727 339 3797 erogandum
353 3733 516 3796 superesset,
530 3739 592 3780 sese
604 3725 690 3794 ipsum
724 3723 921 3779 roviduaedlio
937 3727 963 3780 in
1016 3725 1123 3783 Petrum
1146 3729 1252 3783 incaute
1272 3738 1403 3794 secutus,
1428 3726 1554 3798 Cataloqo
1576 3741 1625 3783 stttv
1647 3737 1805 3785 maerorem

168 3796 331 3853 'servitutem
350 3796 567 3852 contractandum
582 3795 698 3850 dedisse.
741 3808 816 3849 eram
831 3808 891 3849 curn
907 3795 965 3851 isaeo
1015 3795 1097 3853 traria
1112 3797 1234 3855 inseruit.
1255 3794 1590 3868 Cautioseqitcsrdinalis
1602 3796 1744 3865 Dacorum,
1777 3800 1806 3856 at

176 3868 275 3927 ontuia,
287 3869 464 3938 stuproque
478 3867 511 3921 ibi
526 3866 761 3921 narrenturssncti
775 3862 877 3920 Paulini
890 3875 963 3938 qesta
1016 3866 1123 3923 Servum
1148 3868 1221 3923 bunc
1244 3882 1260 3922 a
1284 3867 1391 3924 Victore
1415 3878 1605 3932 memoratum,
1621 3867 1726 3939 amque.
1748 3814 1818 3924 vata.

175 3951 235 3994 curn
249 3954 282 3994 co
295 3948 414 4007 tempore
425 3938 458 3993 de
471 3952 525 4008 quo
540 3937 583 3992 bic
597 3937 700 4005 agimus
713 3935 836 4003 componi
853 3950 963 4006 prorsus
1015 3952 1126 4008 usquam
1143 3937 1245 4007 ilaiorii
1259 3937 1391 3994 Tiburtini
1411 3939 1537 4010 martyris
1551 3940 1703 4006 mentione,
1725 3938 1771 3994 die
1786 3941 1804 3997 7

175 4022 228 4063 non
241 4010 355 4075 valcant,
367 4009 419 4063 alia
429 4007 564 4062 salvandae
577 4007 656 4077 trojus
666 4005 826 4061 narrationis
836 4007 878 4061 via
890 4023 963 4078 quac·
1015 4008 1169 4065 Decembris
1186 4006 1333 4065 celebravit
1352 4009 1387 4075 ιιιΙ
1399 4008 1587 4080 llsrtyroloqio
1603 4006 1736 4065 Romano.
1762 4009 1804 4066 Es

175 4079 256 4134 rende
268 4090 318 4134 est.
335 4075 964 4144 Paulinumabarbariscampauiamdevasten·
1015 4077 1066 4134 boe
1084 4090 1173 4134 tamen
1193 4078 1306 4149 aliisque
1326 4078 1459 4135 similibus
1478 4080 1545 4136 locis
1566 4078 1718 4149 taretttqere
1739 4092 1801 4149 pos·

175 4149 245 4204 tibus
263 4160 387 4206 voratum
408 4149 492 4203 luisse
511 4148 604 4201 scribit
625 4159 732 4200 serratus
753 4144 864 4215 rogae.
885 4148 931 4203 lib.
954 4165 961 4203 ι
1014 4162 1105 4203 sumus
1117 4165 1169 4220 qno
1183 4160 1261 4219 pacto
1274 4148 1406 4218 ejusmodi
1418 4158 1552 4214 auctores,
1566 4149 1602 4206 ob
1615 4148 1702 4205 lsrenr
1716 4164 1818 4220 quan·,

174 4218 207 4273 de
220 4218 268 4274 Civ
278 4223 345 4284 tter,
357 4233 416 4286 cap.
430 4218 474 4272 ιθ.
489 4217 555 4272 Cum
567 4218 639 4272 euim
651 4215 688 4270 illi
700 4214 804 4279 listram,
816 4218 856 4270 cui
869 4216 961 4273 beatus
1013 4220 1102 4289 doque
1114 4219 1312 4288 corviccruram,
1334 4228 1467 4291 martyres
1481 4219 1576 4275 alienis
1590 4219 1656 4275 iocis
1672 4227 1720 4277 sut
1735 4230 1818 4276 terre.

174 4288 300 4344 Paulinus
322 4295 437 4358 praeerat
450 4288 607 4357 episcopus,
628 4285 817 4350 devenissent,
839 4300 961 4353 corvrpre-
1014 4291 1123 4356 poribus
1142 4288 1340 4359 cousiqatriut,
1355 4305 1417 4346 vera
1436 4304 1497 4345 curu
1514 4289 1588 4346 lalcis
1601 4290 1803 4358 permiscendo,

174 4360 285 4412 ltensom
301 4359 381 4413 variis
396 4359 537 4411 tormentis
550 4356 674 4421 aDecere,
691 4364 720 4407 nt
735 4357 823 4409 locum
837 4355 911 4410 ultio
948 4373 960 4412 s
1013 4369 1042 4413 ut
1060 4359 1268 4427 coniectationes
1291 4373 1354 4415 suas
1375 4359 1474 4415 iaciant
1496 4358 1705 4417 verislraitiores.
1732 4360 1816 4417 brac

173 4442 236 4483 suas
260 4426 409 4482 reconditas
433 4427 545 4483 baberet
568 4428 602 4481 ab
627 4439 659 4478 oo
680 4432 880 4494 extorquerent.
927 4427 959 4481 ed
1013 4427 1318 4498 perturbatatotsvorta,
1338 4437 1366 4486 et
1382 4443 1529 4503 vuartprura
1548 4440 1634 4513 qesta,
1653 4444 1715 4501 que
1733 4431 1803 4489 stus

173 4512 233 4553 cunr
253 4498 297 4551 ilic
317 4514 352 4553 ex
374 4497 511 4552 immensis
533 4510 600 4567 quas
613 4494 676 4549 olim
691 4494 844 4564 possederat
860 4494 960 4551 divitiis
974 4516 999 4578 υ
1012 4498 1158 4557 sinceriora
1172 4507 1259 4565 erant,
1273 4505 1432 4557 atteteritate
1444 4515 1492 4556 sua
1504 4501 1641 4558 merdant
1813 4544 1816 4549 ,

173 4570 238 4622 nibil
252 4570 361 4623 omnino
373 4569 425 4622 sibi
439 4576 620 4630 reservasset,
641 4564 685 4618 ltic
697 4565 822 4629 vocibus,
842 4566 881 4621 uti
901 4567 961 4622 ioco
1047 4570 1092 4626 20.
1108 4568 1160 4626 Sed
1173 4578 1201 4624 ct
1211 4566 1282 4625 aliud
1295 4568 1353 4638 eius
1366 4572 1404 4627 rei
1415 4572 1568 4643 exemplvm
1582 4569 1703 4642 proiecte
1714 4569 1814 4628 tonsu

173 4638 280 4693 laudato
295 4638 377 4693 relert
392 4640 566 4706 Augustinus,
582 4636 666 4691 Deum
681 4634 890 4703 deprecabatur:
906 4634 961 4692 Do·
1013 4639 1070 4696 iloc
1092 4640 1162 4696 enirn
1187 4639 1220 4694 ad
1244 4651 1366 4695 nostrum
1388 4641 1506 4713 pertinet
1528 4643 1677 4698 institutam
1701 4648 1734 4697 ιιι
1757 4655 1805 4701 res

173 4711 248 4773 minc,
268 4725 318 4762 non
341 4711 469 4764 ccctvtcier
481 4717 584 4781 propter
594 4721 685 4759 aarum
707 4712 730 4759 el
754 4714 896 4776 arqentmu,
918 4710 962 4765 sebi
1029 4717 1101 4765 estas
1117 4719 1260 4780 martyrum
1277 4712 1321 4780 qui
1340 4713 1390 4767 sub
1403 4711 1584 4769 Vandstovrorn
1603 4710 1803 4781 pesoecutlad·

172 4781 240 4833 eniru
252 4781 302 4834 sint
315 4781 401 4835 omnia
413 4794 469 4832 mec
482 4787 509 4832 ιιι
521 4777 581 4831 scis.
596 4775 649 4857 Sed
663 4776 721 4831 Ιιϊο
731 4788 764 4831 οο
776 4785 896 4844 teruporc
908 4793 961 4848 quo
1011 4724 1062 4837 gns
1086 4781 1157 4853 passi
1180 4781 1317 4847 dicuutur,
1342 4795 1391 4854 pro
1416 4782 1525 4839 modulo
1546 4789 1639 4839 aostm
1662 4776 1812 4839 illustrsro'

172 4848 251 4905 Gotlri
275 4860 335 4920 post
357 4860 461 4920 captam
484 4849 534 4905 sub
555 4848 662 4902 blanco
682 4845 780 4903 Drbevu
805 4851 961 4916 pervarias
1011 4859 1173 4921 satagamus.
1199 4851 1270 4907 idem
1293 4849 1388 4907 Petrus
1408 4850 1550 4925 Equitium
1571 4851 1618 4909 iib.
1634 4865 1663 4917 st
1679 4846 1814 4925 mrvtoqt

172 4919 253 4974 ltalia
267 4921 419 4991 provincias
432 4918 521 4974 didnsi
535 4920 625 4974 onnia
640 4915 878 4986 depopulabantur,
897 4934 961 4974 con·
1011 4929 1176 4986 sanctorum,
1192 4934 1252 4993 cap.
1267 4920 1311 4988 tta,
1325 4923 1387 4979 vita
1406 4936 1466 4980 com
1485 4922 1594 4979 endium
1613 4925 1695 4978 retcrt
1712 4921 1804 4981 sancti

171 4989 596 5070 tiqlsseconsentiuntuoiversi3
620 5002 698 5057 quarn
714 4997 803 5042 tamen
818 4987 957 5046 tristoriam
1011 4990 1173 5047 Eclerdeam
1197 4992 1340 5064 narvrrts,
1381 5008 1442 5050 uem
1465 4936 1618 5051 {anensem
1640 4990 1804 5075 episcopam

172 5062 316 5115 narrationi
332 5071 453 5116 asaneto
467 5057 597 5130 Gregorio
610 5066 735 5126 tauquam
749 5071 782 5139 es
797 5067 903 5114 vetusta
916 5074 956 5116 se·
1011 5061 1094 5120 luisse
1108 5071 1255 5119 asseverat.
1275 5060 1340 5119 irrde
1353 5008 1481 5135 tffqtvettos
1494 5072 1567 5121 tomo
1580 5062 1590 5119 l
1604 5060 1686 5119 tratre
1695 5058 1816 5137 Sacrae,r

170 5131 275 5184 ntorum
290 5131 433 5186 traditione
448 5129 541 5186 relate
559 5128 644 5183 locum
663 5129 808 5199 praebuisse
822 5128 957 5185 existima·
1010 5132 1062 5187 col.
1077 5132 1146 5203 ιιι,
1167 5133 1281 5206 primurn
1299 5133 1370 5190 lnter
1381 5132 1501 5207 ejusdem
1516 5132 1644 5191 Ecclesia
1664 5131 1810 5193 antistites.

171 5214 243 5264 rear,
270 5201 320 5255 nisi
343 5202 425 5256 multa
451 5216 512 5269 qaas
535 5200 571 5254 ibi
596 5212 611 5253 a
636 5199 805 5253 sanctissimo
831 5200 956 5268 pontilloc
1012 5202 1169 5259 Ecletdevnr
1186 5208 1320 5260 recenset.
1345 5200 1427 5277 cujus
1448 5204 1617 5275 testivitatem
1637 5217 1670 5260 co
1690 5204 1808 5261 nomino

168 5270 324 5325 reteruntor
337 5270 523 5335 detrudatis,
544 5270 586 5352 ab·
598 5266 647 5322 bac
666 5267 798 5351 sententia
813 5284 856 5323 arc
870 5270 963 5327 dimoc
1009 5273 1129 5330 Ecclesia
1142 5275 1334 5341 sarzanensis,
1354 5276 1381 5332 in
1392 5289 1472 5347 quam
1488 5275 1621 5332 bonensis
1638 5271 1809 5399 episcopalis
1847 5306 1853 5317 ·

170 5349 271 5395 versut.
306 5341 338 5395 Et
361 5341 468 5411 quidem
491 5341 621 5395 Barouvus
646 5337 785 5393 Paulinum
808 5353 900 5395 revera
929 5343 955 5398 lrt
1010 5343 1088 5402 sedes
1108 5346 1235 5402 translata
1254 5353 1310 5410 est,
1331 5345 1451 5403 celebrat
1473 5346 1585 5419 singulis
1606 5356 1684 5401 aunt
1705 5341 1754 5410 die
1770 5344 1814 5403 Π

170 5409 287 5465 diris-am
313 5409 456 5467 abductam
480 5411 562 5465 inisse
586 5409 636 5464 sub
661 5406 792 5463 Gunttvari
816 5406 954 5468 Gervserici
1010 5413 1162 5481 Februarii;
1184 5428 1237 5485 qna
1252 5414 1316 5470 item
1330 5412 1374 5472 die
1390 5416 1489 5489 pariter
1503 5416 1579 5473 istius
1595 5412 1682 5471 macti
1696 5429 1808 5471 tuerno-

170 5479 252 5536 lratre
266 5484 402 5537 contenda
415 5484 447 5537 ad
463 5495 560 5536 arvnum
575 5479 637 5534 ιιι.
659 5479 711 5534 Sed
727 5477 797 5559 bunc
811 5479 896 5549 ipsam
911 5496 954 5538 re·
1009 5485 1076 5540 riam
1087 5484 1226 5541 Ferrarius
1236 5482 1526 5559 inCataloqoqenerali
1537 5494 1692 5543 sanctarum
1703 5480 1806 5557 tutta,

168 5565 229 5622 pem
243 5552 268 5606 ia
283 5551 330 5606 llis
350 5551 409 5609 aevia
420 5555 537 5607 necisum
551 5550 634 5605 luisse
646 5563 728 5621 supra
742 5549 868 5617 drviotas,
879 5565 955 5608 ante·
1009 5564 1036 5612 et
1050 5553 1213 5609 bollandiani
1228 5553 1364 5624 recolunt,
1381 5556 1438 5612 nae
1451 5554 1506 5614 dei
1525 5572 1568 5625 so,
1583 5554 1664 5615 Petro
1676 5562 1808 5625 rumore,

168 5636 248 5691 quant
267 5569 378 5679 laufali
402 5623 429 5679 iu
453 5623 569 5677 Atricam
593 5624 816 5679 transmitterent.
845 5622 882 5676 Do
905 5624 954 5677 ista
1009 5625 1175 5681 relerentes:
1192 5621 1350 5680 Echedeam
1364 5573 1634 5701 episcopassstrncnsis
1647 5632 1673 5682 ct
1687 5636 1814 5701 martyr„

168 5691 270 5746 Paulini
285 5695 438 5763 captivitate
454 5690 512 5748 luse
529 5700 610 5762 agunt
622 5690 771 5746 Cbiilietius
786 5691 812 5744 in
826 5691 898 5747 libro
911 5695 954 5749 cui
1009 5703 1122 5767 ternpore
1138 5692 1487 5826 larrdobcoemstionis
1507 5699 1534 5753 in
1550 5696 1630 5755 ltalia
1648 5696 1810 5775 vnsrtprlttns

168 5760 261 5818 titalns
269 5758 957 5832 cstPesttnastltastratsv,Persidasinpralatieae
1007 5761 1285 5835 perarmavit-dves

447 5886 450 5891 ,
475 5877 546 5893 Μ’·Ο.
563 5879 583 5891 mv

1404 5766 1815 5840 animaduersurum
