3810 6254
188 318 241 380 ota
468 327 470 330 >
510 270 523 333 ἶ
603 282 637 366 ἧι
862 268 1116 364 ιιιιιιιιιιιιι
1136 303 1169 361 ιιι
1439 308 1441 312 ·
1784 301 1840 362 ιιι

186 434 307 505 singula,
328 445 389 503 quac
405 430 441 485 ob
454 440 513 484 eam
527 421 737 480 controuersiam
750 428 809 475 acta
824 429 902 486 sunt,
918 432 980 490 apte
994 423 1138 484 Auertere
1163 428 1337 491 casamariam.
1350 420 1419 487 Quin
1447 427 1528 475 etiam
1557 432 1589 474 ea
1614 434 1648 474 uc
1675 433 1724 489 pre
1747 418 1834 476 uiliilii

185 504 314 572 distingui
343 517 373 557 ac
388 502 414 555 in
429 507 487 555 tuto
504 496 582 567 poni,
605 507 692 563 oeque
713 506 745 547 ea
768 491 857 545 omnia
873 490 981 561 quade
1035 490 1158 546 habenda
1172 492 1241 557 sint,
1267 490 1456 559 imperatorem
1483 492 1510 545 iu
1536 490 1726 545 haereticorum
1742 502 1833 560 partes

187 579 240 634 liae
263 543 342 630 causa
357 570 425 641 apud
441 568 566 638 antiquos
588 565 736 634 scriptores
758 562 889 632 legimus,
914 561 982 616 satis
1034 561 1207 631 perdiiaisse3
1232 561 1421 618 conscribendi
1448 569 1474 616 et
1496 560 1680 687 promulgandi
1707 561 1832 621 lleuotici

187 645 326 704 conciliari
342 649 451 709 possunt
476 632 796 708 :quodcorruptisrjos
814 632 865 689 reri
885 648 981 687 monu-
1036 641 1171 687 auctorem
1201 632 1299 697 iuisse;
1329 632 1401 686 sedis
1426 631 1580 701 apostoliea
1615 640 1708 703 egatos
1734 633 1834 692 ablatis

183 717 284 776 mentis
295 715 427 782 praecipue
438 708 623 780 imputandum
638 715 714 775 puto.
1036 701 1131 757 litteris
1144 717 1253 759 carcere
1263 711 1291 758 st
1303 703 1416 771 pecunia
1431 716 1612 773 expugnasse,
1626 705 1652 758 in
1665 704 1832 770 iurisdictio-

157 770 165 785 ⁶
222 788 412 842 Verumtamen
434 780 505 851 quod
523 779 549 833 in
571 777 665 834 hacre
682 783 834 846 caputest,
850 781 979 844 quantum
1034 787 1083 829 ires
1103 773 1205 830 alienas
1218 782 1273 828 tam
1291 781 1392 829 temero
1404 774 1529 839 irruisse,
1550 773 1734 846 catholicisque
1746 792 1832 833 sam.

184 859 299 917 Aeacius
313 853 471 923 deliquerit,
497 862 524 906 et
547 863 627 917 quam
647 848 720 916 juste
744 846 841 900 exinde
856 844 979 900 Gelasius
1034 844 1135 898 dotibus
1147 860 1192 915 per
1208 843 1340 898 Orientem
1353 853 1433 898 tutius
1443 843 1565 899 violenter
1576 845 1696 911 ecclsiis,
1711 846 1831 914 perditos

184 929 229 985 sei
253 929 281 983 in
298 926 357 995 ejiis
374 910 530 978 memoriam
546 921 666 975 invectus
680 917 730 977 sit.
745 916 851 972 abunda
867 917 910 970 hic
923 917 981 970 eiu-
1008 966 1012 972 ,
1034 928 1066 970 ae
1076 914 1195 971 nelarios
1209 914 1345 980 homines,
1358 924 1386 970 et
1399 915 1433 969 ab
1448 916 1506 997 ipso
1516 923 1594 971 antea
1608 916 1751 972 damnatos
1764 917 1829 975 sob-

183 1008 239 1053 ιιι.
255 997 364 1052 lliniuic
384 992 505 1063 proiecto
520 990 640 1058 intelligo
661 987 706 1055 qui
728 986 785 1041 iteri
809 989 928 1057 potuerit
951 995 980 1041 ιιι
1033 1000 1161 1055 rogasse;
1174 986 1306 1055 sedesque
1320 985 1529 1041 Alexandrinam
1542 985 1650 1056 quidem
1663 985 1746 1043 Petro
1757 989 1832 1045 llan-

184 1067 300 1138 Dupiaio
323 1062 467 1132 aliquando
487 1061 635 1125 exciderit,
655 1058 734 1112 sideri
757 1056 844 1111 Aeacii
868 1072 982 1112 emerem
1033 1069 1068 1124 go
1084 1055 1217 1125 parricidii
1232 1057 1322 1121 socio,
1343 1056 1451 1127 Tyriam
1464 1055 1615 1113 loanneab
1629 1057 1792 1126 doemonis,
1804 1071 1831 1119 et

183 1155 286 1192 omnem
299 1133 484 1198 eocautineri,
500 1142 527 1186 at
541 1130 661 1185 Romano
679 1129 796 1198 episcopo
809 1128 980 1198 displicuerit,
1033 1126 1209 1182 ouiiaeiieius
1236 1128 1351 1197 rejecto,
1380 1126 1577 1183 Antiochenam
1611 1128 1692 1184 Petro
1718 1128 1832 1188 Fullone

183 1209 268 1277 prinei
287 1208 345 1275 ique
359 1222 406 1259 sao
419 1204 527 1258 nimium
542 1200 689 1255 adheserit.
711 1198 788 1266 Quod
811 1202 881 1252 enini
906 1198 980 1254 l'elix
1033 1198 1153 1267 synodali
1178 1197 1280 1265 judicio
1305 1205 1493 1266 exauctorato,
1519 1206 1665 1255 temerasse
1680 1201 1782 1268 perias
1803 1214 1830 1258 ct

142 1332 149 1342 ,
184 1291 210 1333 et
225 1226 348 1335 Geiisius
374 1277 401 1331 iii
424 1273 548 1329 Acacium
574 1278 742 1332 statuerunt,
763 1268 789 1324 id
810 1283 980 1324 successores
1034 1268 1125 1336 nolas,
1147 1278 1227 1337 atque
1250 1267 1393 1323 iniecisset
1413 1268 1483 1335 Quid
1510 1268 1604 1337 plural
1627 1270 1723 1326 Nonne
1748 1271 1830 1328 ctiam

183 1350 338 1406 habueruut
350 1355 449 1409 ratum,
461 1360 493 1400 ea
503 1341 611 1414 quidam
621 1340 784 1405 constantia,
801 1348 830 1393 ut
845 1348 904 1407 post
914 1354 981 1395 cou·
1033 1335 1132 1393 Felieis
1146 1353 1244 1394 nomeu
1259 1355 1275 1393 e
1289 1339 1373 1394 sacris
1387 1339 1485 1394 tabulis
1497 1340 1532 1394 ab
1544 1355 1578 1395 eo
1591 1350 1759 1408 expunctum
1779 1343 1831 1398 do-

184 1423 319 1478 teotiones
333 1417 493 1480 acerrimas,
508 1416 578 1469 inter
592 1410 758 1467 orientalem
773 1418 801 1465 et
821 1409 980 1466 Occidenta-
1033 1418 1076 1464 ret
1087 1409 1284 1481 Theophanesi
1294 1413 1324 1466 sa
1337 1407 1416 1481 ὄνομα
1427 1412 1504 1465 αὐτοῦ
1519 1411 1603 1487 ἐξῆριν
1614 1419 1665 1467 τῶν
1680 1411 1759 1470 disse-i
1784 1438 1829 1482 sss,

183 1492 238 1548 lesu
261 1489 408 1545 Ecclesiam
432 1501 483 1555 pax
504 1493 584 1554 atquc
606 1481 749 1538 concordia
770 1479 827 1535 obsi
847 1489 907 1535 nata
925 1494 978 1537 non
1033 1480 1105 1548 qood
1123 1480 1204 1535 ctiam
1219 1481 1339 1536 releruiit
1355 1479 1526 1551 Nicephorus
1540 1491 1567 1536 et
1580 1481 1730 1538 cedrenus.
1745 1436 1828 1555 liiJ'us

183 1562 265 1618 luerit
279 1576 311 1616 ac
325 1557 463 1621 restituta,
480 1556 530 1610 nisi
544 1568 604 1608 ium
619 1567 691 1607 anuo
710 1553 818 1606 domuin
828 1496 896 1616 ito,
912 1552 981 1607 llor-
1033 1550 1161 1618 quddam
1186 1555 1244 1606 haec
1263 1552 1353 1607 omnia
1368 1553 1488 1622 proiecto
1498 1562 1595 1608 sonant
1608 1567 1688 1623 quain
1702 1555 1829 1627 episeopo

183 1632 271 1688 misda
283 1629 404 1693 sedente,
419 1643 510 1682 nomen
522 1624 609 1679 Aeacii
619 1624 651 1678 de
664 1622 793 1694 dyptichis
807 1632 843 1676 cit
855 1621 978 1689 deletum,
1034 1620 1155 1676 liomauo
1168 1622 1346 1691 displicuisse.

183 1713 216 1759 tit
234 1703 260 1757 iii
284 1700 461 1771 suggestione
477 1694 598 1751 llioscori
611 1693 715 1748 diacoui
732 1691 840 1762 iegitur.
856 1691 980 1765 AEquita·
1067 1693 1127 1759 Quo
1137 1694 1250 1748 coasilio
1264 1708 1312 1749 seu
1331 1709 1382 1762 qua
1395 1693 1523 1751 methodo
1537 1694 1606 1750 hanc
1616 1695 1764 1754 editionem
1788 1699 1827 1755 in·

183 1783 239 1831 teni
252 1782 341 1827 aiiteiu
356 1769 484 1825 Romanae
499 1763 686 1836 postulationis
696 1762 783 1818 Graeci
796 1767 903 1818 tandem
914 1778 978 1820 cou-
993 1793 1019 1855 Β
1032 1765 1193 1828 struxeriio,
1219 1765 1310 1835 paucis
1332 1765 1493 1821 admonebo.
1514 1764 1628 1820 'lcitum
1639 1768 1749 1836 quidem
1764 1785 1826 1838 por-

182 1843 248 1901 least
262 1852 335 1906 sunt,
348 1839 452 1896 taaaiae
465 1840 592 1905 episcopo
605 1833 906 1903 Constantinopolitano
918 1843 978 1904 post
1030 1850 1097 1962 hare
1108 1835 1224 1890 adnixus
1235 1851 1313 1900 suni,
1328 1845 1511 1891 reriimtaoien
1535 1837 1729 1893 transformare
1743 1842 1825 1897 nolui.

183 1913 339 1970 hereticum
350 1910 537 1980 Eutyelietem,
549 1906 717 1972 Dioscorum,
730 1903 901 1960 Timotheum
917 1920 978 1974 par·
1055 1905 1099 1961 inc
1113 1908 1162 1962 etsi
1177 1913 1266 1975 partes
1286 1906 1355 1962 male
1374 1908 1444 1962 inter
1458 1921 1488 1963 se
1501 1906 1686 1964 cohaerescere
1700 1926 1825 1967 noumin-

182 1984 313 2048 ricidam,
329 1991 356 2037 ct
371 1981 479 2036 Petrum
496 1976 724 2041 Alexandrinum,
740 1973 861 2028 alsaciam
879 1991 979 2047 qaoque
1030 1992 1110 2046 quain
1124 1976 1290 2041 riderentur,
1308 1978 1447 2032 arbitrium
1472 1992 1524 2032 uon
1545 1977 1676 2034 adhibui:
1693 1995 1728 2036 eo
1745 1982 1826 2054 siqni-

183 2047 613 2122 Constantinopolitanaequondam
627 2045 697 2110 ariis
712 2046 978 2127 episeopumaompli-
1030 2051 1091 2103 dem
1114 2048 1151 2102 uti
1174 2048 1346 2104 temerarium
1368 2047 1476 2115 inisset,
1498 2048 1632 2120 precipue
1654 2050 1700 2106 ulii
1721 2063 1825 2110 constat

183 2142 238 2180 cem
265 2139 353 2179 eorum
377 2131 401 2176 et
424 2134 557 2190 sequacem
578 2117 702 2172 similiter
722 2117 977 2172 anathematizante.
1029 2128 1166 2173 auctorem
1181 2120 1267 2186 ipsimi
1294 2118 1417 2189 prosilire
1435 2120 1594 2189 aliquando,
1618 2130 1646 2176 et
1671 2123 1706 2176 aid
1731 2123 1823 2180 eadeiii

182 2196 342 2265 inspiciatur
362 2191 518 2246 Grecoruiii
544 2188 693 2242 antistitum
720 2186 848 2255 epistola,
875 2193 936 2257 qtiae
961 2204 976 2242 a
1030 2191 1129 2259 saepius
1142 2190 1242 2244 redire.
1258 2190 1347 2245 Semel
1363 2199 1465 2244 tantuin
1482 2190 1659 2259 transpositos
1668 2207 1766 2250 sensns
1777 2196 1824 2251 ali·

131 2273 134 2279 '
181 2265 344 2323 Bessarione
358 2262 500 2326 recitator,
517 2258 713 2318 assimulantes
728 2271 758 2313 se
782 2257 921 2312 latentium
934 2257 978 2315 διὰ
1029 2274 1097 2327 quos
1108 2260 1225 2314 suoiocu
1238 2260 1353 2325 reddidi,
1366 2276 1427 2316 coin
1442 2261 1644 2318 reconcinnatio
1656 2262 1685 2318 iu
1700 2278 1823 2336 promptu

181 2342 228 2397 eds
241 2336 402 2412 aepiadaau
415 2340 459 2389 τοῦ
470 2332 566 2406 πατρὸς
575 2332 645 2400 ἡμῶν
656 2328 782 2390 ’assatam
798 2338 901 2398 propter
912 2332 978 2383 dea·
1029 2339 1113 2395 esset,
1124 2344 1156 2384 ac
1167 2331 1333 2399 perturbatio
1349 2335 1375 2386 iii
1389 2343 1492 2399 aperto.
1507 2331 1638 2396 Laconas,
1651 2335 1674 2388 si
1689 2351 1749 2405 quie
1759 2340 1821 2404 sint,

183 2408 216 2461 eii
228 2408 308 2479 patris
321 2405 402 2459 nostri
417 2400 659 2470 prevaricationem.
680 2398 749 2465 Quin
766 2398 848 2452 etiam
863 2399 977 2455 Aeacius
1029 2416 1177 2469 quarumve
1203 2402 1229 2455 in
1250 2400 1343 2456 codice
1367 2405 1439 2457 nulia
1458 2417 1575 2473 unquam
1591 2412 1654 2460 iiota
1668 2420 1718 2461 nos
1732 2406 1823 2462 admo·

182 2478 210 2531 iu
236 2478 345 2532 decreto
360 2475 427 2529 dea
465 2469 573 2542 cryphia
587 2470 732 2537 Scriptus-is
753 2475 813 2537 post
837 2469 977 2525 haereticos
1029 2480 1090 2536 net,
1106 2486 1159 2526 non
1179 2472 1300 2540 expleii;
1317 2473 1360 2527 uhi
1374 2473 1446 2527 cirini
1466 2474 1560 2528 eadem
1584 2477 1733 2542 reponendi
1755 2478 1821 2534 certi

182 2554 364 2616 recensetur:
383 2560 397 2596 a
442 2544 509 2598 elice
532 2541 558 2593 iii
578 2540 659 2608 ipsam
682 2539 807 2592 doctrinis
829 2541 977 2600 apostolico·
1030 2557 1083 2596 iiou
1097 2542 1198 2604 simus,
1214 2556 1262 2597 eur
1277 2553 1368 2596 nostra
1387 2544 1542 2599 auctoribus
1560 2548 1754 2616 appingamus,
1770 2565 1822 2604 nois

181 2620 316 2672 ueritatem
336 2613 471 2669 tetendisse
482 2610 579 2665 dicitur
595 2627 602 2661 ι
619 2610 662 2674 ubi
684 2610 711 2663 iu
734 2609 814 2662 editis
838 2611 977 2678 protitetor
1029 2612 1118 2667 rideo.
1133 2612 1354 2667 Eirieiidatiouum
1368 2628 1474 2685 quoque
1493 2628 1618 2680 parcum,
1634 2630 1666 2671 ac
1681 2620 1706 2672 iii
1720 2617 1767 2684 iis,
1792 2621 1819 2674 ni

182 2687 377 2746 Gelasiiiseum
389 2700 405 2737 a
417 2682 593 2736 couimisiiione.
603 2679 729 2734 catholica
740 2679 863 2744 deoiasse,
880 2679 976 2749 legitur
1030 2683 1118 2745 lallor,
1143 2684 1208 2737 satis
1231 2692 1338 2738 cautum
1363 2699 1407 2739 iiie
1433 2683 1546 2753 prestiti
1562 2703 1569 2739 :
1583 2700 1745 2758 quapropter
1757 2705 1820 2745 sen·

181 2757 211 2812 iii
229 2757 374 2814 Veronensi
388 2755 480 2809 codice
502 2769 518 2804 a
538 2749 665 2805 cotiiolica
688 2752 808 2814 irritatu
834 2751 976 2807 lloruusdu
1029 2753 1125 2808 teiiiias
1148 2754 1308 2823 quandoque
1323 2755 1412 2810 minus
1426 2757 1559 2826 integras,
1575 2757 1758 2828 dictionesque
1771 2764 1820 2816 mi-

180 2828 302 2883 diescat
321 2837 345 2881 et
365 2823 514 2896 Eutgclidis
529 2823 647 2892 dogmate
661 2829 684 2873 et
697 2821 876 2874 conimmiioiie
890 2821 977 2891 pollii-
1029 2839 1080 2878 iius
1094 2835 1231 2879 correctas
1248 2839 1301 2879 nou
1323 2826 1409 2894 attigi.
1425 2826 1495 2893 Quiri
1510 2826 1554 2881 obi
1569 2827 1682 2897 insignis
1699 2830 1823 2899 quadani

181 2909 236 2953 runi
251 2907 341 2961 socam
355 2898 381 2950 iu
397 2895 515 2950 secunda
537 2892 598 2947 litei
612 2889 796 2952 coiil'cssiouo.
812 2907 891 2961 quam
909 2909 975 2961 pon·
1028 2904 1074 2949 nut
1087 2896 1166 2964 paulo
1182 2895 1292 2952 liberior
1306 2898 1459 2955 emendatio
1478 2898 1635 2967 contigerit,
1659 2914 1710 2954 ms.
1728 2900 1822 2956 lectio-

181 2971 247 3026 illici
263 2974 382 3041 agapeto
395 2966 561 3024 lastinianus
573 2963 720 3032 imperator
730 2962 835 3028 obtulit,
850 2973 910 3031 post
925 2966 976 3018 Eu·
1029 2980 1089 3021 neni
1105 2966 1133 3021 iu
1146 2964 1364 3021 adnotationibus
1378 2966 1504 3032 aderam,
1528 2977 1558 3023 iit
1576 2970 1696 3037 quisquis
1711 2975 1822 3038 proprio

179 3040 315 3119 tycbetem
330 3047 504 3106 caeterosque,
520 3049 680 3097 aversamur,
702 3033 798 3101 inquit,
815 3043 839 3087 ιι
853 3035 976 3088 Acacium
1025 3036 1128 3105 judicio
1143 3039 1180 3093 uti
1196 3039 1289 3107 possit.
1307 3037 1351 3091 ltla
1367 3053 1447 3102 reris,
1459 3051 1520 3092 cum
1542 3037 1663 3094 dictionis
1677 3040 1819 3111 cuiusda’isi

180 3112 359 3165 eciiaretieiun
371 3117 396 3161 et
409 3121 562 3177 sequamin;
577 3119 609 3160 ac
622 3105 654 3158 ad
672 3106 774 3171 plenum
784 3105 909 3158 detectam
923 3107 975 3161 iiic·
1030 3108 1173 3163 iirssciiiouc
1189 3119 1303 3175 mutata,
1327 3110 1368 3164 uel
1389 3110 1518 3176 particula
1531 3108 1634 3173 addita,
1648 3117 1694 3164 atit
1708 3111 1820 3182 dempta

178 3185 285 3236 seticum
297 3180 391 3235 scribit
405 3177 559 3236 Liberatus,
571 3191 624 3242 quo
637 3174 726 3242 clugia
741 3189 793 3254 uou
807 3177 892 3230 semel
911 3192 971 3234 eum
987 3172 1012 3236 C
1027 3179 1128 3248 syllaba
1140 3181 1300 3235 seriteutiaiii
1313 3179 1488 3242 restituimus,
1503 3179 1568 3251 quid
1579 3195 1646 3250 opus
1656 3192 1716 3236 erat
1728 3183 1823 3240 admo-

177 3253 243 3307 item
257 3261 356 3306 mactat
367 3248 490 3302 h'icoiaus
504 3246 524 3300 l.
536 3246 605 3313 Quiri
628 3251 654 3299 et
670 3244 783 3298 Basilius
794 3242 863 3300 Cilix
876 3248 972 3320 eipsri·
1026 3252 1107 3304 nere?
1130 3262 1177 3306 aut
1201 3249 1263 3319 quid
1289 3251 1390 3304 minuta
1411 3250 1507 3306 merida
1530 3265 1683 3307 memorare
1697 3261 1752 3308 tsm
1767 3255 1820 3309 ire·

178 3329 224 3377 aad
237 3321 311 3386 δόξαν
322 3321 395 3395 παρὰ
408 3318 507 3377 πολλοῖς
527 3323 680 3381 reportasse
701 3314 825 3368 naariam
846 3319 969 3383 tradidit,
1026 3330 1139 3388 quei‘iter
1164 3320 1413 3391 ohiia,e1quibiis
1432 3322 1498 3375 iiiliil
1520 3332 1632 3378 eruatur
1652 3322 1740 3393 lrugii
1755 3325 1820 3380 itai·

176 3402 208 3445 ut
223 3395 292 3460 apud
308 3391 404 3444 Photis
416 3409 430 3436 ιι
447 3387 569 3455 legimus.
584 3384 639 3438 llec
660 3394 799 3465 propiaret
825 3400 879 3439 reus
906 3389 970 3445 iuilii
1026 3391 1227 3447 madrersioues
1250 3391 1284 3446 ad
1310 3406 1433 3461 pompam
1449 3406 1616 3463 nequaquam
1637 3394 1817 3450 concinnari:

176 3476 238 3518 esse
258 3461 318 3515 tiolo
332 3474 392 3513 cum
408 3458 472 3510 siris
491 3455 646 3536 doetisiis,
672 3469 723 3535 qui
739 3454 971 3515 dissertationibus
1025 3462 1216 3526 congestiones
1235 3463 1342 3532 quidem
1362 3473 1469 3532 arrepta
1484 3464 1669 3532 cuiuscunque
1689 3464 1820 3520 sarbiae·
1847 3495 1852 3500 -

175 3532 257 3588 etiam
273 3531 300 3585 iii
312 3532 362 3584 lioc
377 3527 521 3592 adhibitis,
544 3539 699 3596 episcopum
716 3526 810 3590 itliiui,
825 3528 876 3582 etsi
897 3529 970 3597 juste
1023 3532 1131 3586 cisione
1144 3533 1302 3598 cumulatas,
1317 3545 1345 3589 et
1358 3534 1424 3588 nihii
1440 3532 1493 3589 nisi
1507 3536 1578 3603 quod
1591 3535 1693 3592 millies
1705 3534 1820 3591 audisi-

175 3602 342 3667 daisuaiuiu,
357 3600 654 3677 ortliodoiunitaureu,
665 3596 735 3666 quod
749 3595 828 3652 lldem
853 3611 968 3667 spectat,
1023 3617 1083 3656 mus
1096 3602 1239 3658 adeseaies
1264 3604 1379 3674 probare
1401 3618 1568 3673 nequaquam
1583 3604 1741 3662 selemiam
1755 3620 1820 3663 vero

161 3673 340 3729 coiiteoduat
366 3671 458 3725 tuisse.
487 3667 586 3722 indicia
610 3669 719 3738 quidem
743 3666 812 3720 liaud
840 3670 968 3737 preclara
1022 3673 1088 3728 illud
1103 3674 1236 3744 reliquum
1250 3683 1310 3738 est,
1326 3683 1355 3729 ut
1368 3676 1465 3730 erratis
1484 3675 1554 3729 haud
1573 3675 1675 3732 codicis
1693 3676 1817 3748 quidem,

173 3753 238 3799 sunt
251 3746 365 3815 (praeter
376 3738 647 3795 communicationem
667 3736 702 3791 de
719 3753 771 3805 qiia
785 3738 871 3792 aiebat
888 3740 969 3812 Sym·
1022 3744 1071 3801 sed
1090 3759 1157 3800 ineis
1171 3746 1290 3814 inibique
1306 3755 1409 3801 tantuin
1427 3746 1591 3817 imputandis
1608 3745 1744 3804 humanos
1757 3762 1818 3805 eru·

172 3815 285 3870 machus
298 3815 323 3867 iii
339 3812 523 3881 apologetica.
539 3825 573 3861 ari
587 3809 775 3864 eanimaaieare
787 3825 838 3862 aaa
851 3819 887 3864 est
906 3829 968 3868 con·
1021 3816 1146 3886 alitusque
1158 3816 1242 3871 lector
1255 3824 1385 3885 ignoscat.
1812 3830 1816 3835 ·

172 3887 267 3940 sentire
278 3900 335 3937 crini
348 3882 476 3951 solidasti
492 3879 562 3949 quod
578 3880 744 3934 orthodoxos
757 3879 898 3950 episcopos
911 3884 968 3951 eje·
1184 3933 1193 3949 ,

171 3955 251 4016 ιιιίι.
266 3966 294 4010 ιι
305 3956 332 4009 io
346 3967 440 4009 eiiruiu
455 3953 534 4007 sedes
550 3950 691 4006 tiareiicas
715 3952 866 4013 iiitrusorit;
882 3956 967 4022 qaod·
1173 3923 1341 3989 fflSTOLA
1359 3931 1437 3992 sivi:
1456 3933 1664 4024 TRMJTATUS

170 4022 966 4098 questintiittpiiishlongiisadpetistisousrnoaparocsdsodoii,
990 4084 993 4092 ,
1286 4031 1390 4103 mm
1409 4049 1438 4102 ,ἡ
1457 4055 1542 4103 ΡΜ.

170 4099 315 4152 concilium
335 4095 555 4150 Cliulccdoucose
573 4094 744 4146 ariatheiiiate
762 4095 881 4158 not-isit,
897 4099 967 4151 dea·
1031 4097 1037 4107 “

169 4168 242 4222 cium
262 4166 451 4239 aspapasrips
477 4163 615 4225 imbuerit,
640 4172 668 4216 ut
691 4162 797 4216 libellus
823 4166 968 4234 synodicus
1019 4165 1084 4231 Quae
1097 4179 1144 4230 pro
1159 4164 1252 4219 alcario
1266 4163 1442 4230 addebantur
1461 4161 1571 4236 refellit,
1585 4180 1698 4238 eamque
1711 4168 1818 4238 istjssle

171 4239 298 4308 loquitur.
323 4238 421 4291 llesiitn
437 4236 471 4286 ail
494 4232 668 4299 agiisstolicaiu
690 4232 779 4286 scaleni
801 4237 966 4302 purgandam
1052 4253 1084 4289 ac
1097 4239 1146 4288 rite
1160 4227 1328 4300 damaratum,
1346 4233 1381 4288 it'a
1396 4251 1447 4288 iioit
1465 4235 1514 4290 niti
1533 4236 1658 4291 canonice
1682 4237 1816 4292 restitum·

171 4307 198 4361 id
213 4310 277 4362 satis
291 4320 424 4374 superque
439 4312 494 4363 est,
516 4304 588 4370 quod
607 4301 723 4355 taauaea
743 4303 965 4376 carisianttaapa·
1055 4307 1117 4360 diuo
1132 4306 1252 4359 ostendit.

168 4371 969 4443 litaniisprolitebatur:quorumquiscoutntuiu'oiiemcom-
1022 4418 1030 4435 .
1070 4415 1077 4429 .
1118 4417 1125 4430 .
1165 4415 1172 4430 .
1212 4415 1220 4432 .
1259 4413 1268 4432 .
1308 4414 1316 4432 .
1356 4415 1363 4431 .
1403 4415 1411 4431 .
1450 4417 1457 4431 .
1502 4416 1509 4431 .
1554 4415 1562 4433 ,
1608 4417 1616 4431 .
1666 4417 1675 4434 ,
1712 4414 1720 4431 .
1756 4416 1764 4430 .
1803 4417 1810 4431 ,

168 4445 396 4516 plectitur,eorisiu
411 4453 435 4498 et
447 4441 557 4496 similem
570 4441 788 4509 adjudicationem
803 4443 831 4495 i'it
848 4447 970 4502 condem.
1021 4460 1034 4488 a
1049 4456 1108 4518 post
1128 4449 1289 4517 quingentos
1308 4461 1394 4503 auitos
1413 4448 1558 4504 coristititta
1572 4447 1675 4506 Christi
1685 4446 1815 4506 micha

208 4587 222 4616 ι
239 4577 294 4633 huo
308 4576 411 4658 priores
430 4589 524 4631 sersus
536 4574 618 4631 iidem
633 4583 695 4630 sant
709 4575 806 4658 quilius
820 4576 965 4639 Gratianus
977 4583 1173 4656 lignatoribus
1186 4586 1429 4653 respondebatta'oe
1442 4587 1504 4643 loco
1516 4586 1601 4655 Felix,
1616 4589 1689 4646 iuale
1701 4591 1737 4645 ali
1750 4591 1815 4660 ipsis

168 4649 307 4705 decretum
327 4662 443 4715 primum
459 4647 586 4717 protulit,
602 4654 663 4715 post
676 4646 779 4729 Gelasio
792 4657 922 4707 tractatus
936 4656 962 4708 iii
1017 4655 1173 4726 apostolicas
1197 4656 1270 4711 sedis
1292 4673 1394 4714 morem
1417 4667 1633 4731 potestatemque
1651 4663 1812 4733 oppugnari,

168 4720 330 4776 collectione
343 4716 524 4773 Coircilioruiu
542 4717 670 4782 allatum;
686 4717 757 4799 quod
773 4721 896 4776 inuenire
910 4738 963 4780 aoii
1017 4741 1080 4797 quae
1092 4742 1154 4781 com
1164 4725 1316 4783 Cliiistlaua
1328 4729 1636 4800 Ecclesiaadulevisset,
1650 4741 1679 4787 et
1695 4735 1812 4803 quinque

168 4798 227 4845 erat
242 4788 312 4843 riade
325 4798 431 4843 erutum
447 4796 530 4854 esset,
544 4803 606 4843 cum
622 4802 672 4843 uec
691 4804 719 4843 iu
735 4789 840 4844 laudata
864 4792 963 4852 ibidem
1014 4799 1072 4867 jani
1089 4798 1173 4854 lerino
1187 4799 1285 4853 secuta
1302 4799 1439 4868 viguisset.
1459 4800 1494 4856 Ut
1509 4801 1593 4871 prinia
1609 4794 1742 4877 periodus
1755 4816 1813 4859 ace·

167 4861 292 4940 cpisola,
302 4875 341 4941 ‚9¹
358 4874 409 4928 qua
423 4861 569 4940 secundum
584 4858 722 4940 decretum
735 4870 893 4931 excerptum
909 4876 961 4931 est,
1018 4869 1108 4940 phala,
1125 4871 1159 4922 ita
1173 4869 1290 4924 secunda
1306 4872 1437 4938 exemplis
1451 4885 1509 4926 reui
1525 4875 1709 4941 comprobans
1723 4874 1812 4928 mutili

167 4946 219 4987 uec
235 4948 259 4985 :ii
274 4931 334 4985 olus
344 4928 443 4984 Gelasii
457 4944 489 4983 ea
504 4928 584 5010 rerba
599 4942 828 5010 conspicerentur.
849 4931 963 4991 ilerum·
1016 4940 1123 4995 videtur
1138 4940 1164 4992 in
1179 4954 1242 5003 nis.;
1259 4939 1407 4996 illustratur
1424 4950 1514 4997 autem
1528 4943 1630 5010 optlnie
1649 4944 1687 4999 ab
1700 4943 1773 5016 ,epi-t
1783 4944 1812 4997 li

167 5013 258 5057 tanien
274 5002 396 5056 eoindein
410 5008 598 5081 auctoritatem
614 4999 745 5068 prolixius
767 5004 852 5059 isiulto
873 5007 963 5062 attulit
1017 5024 1077 5080 quae
1089 5011 1123 5066 ld
1135 5009 1235 5065 Gelasii
1247 5010 1363 5067 dicitur:
1378 5013 1432 5066 Sed
1443 5028 1490 5066 uec
1501 5014 1548 5067 illo
1558 5016 1732 5083 prietesiisiiis,
1743 5013 1812 5080 quod

167 5072 292 5133 Nicotaus
305 5072 327 5137 l,
342 5081 371 5125 tit
384 5085 549 5152 monuimus,
561 5084 657 5151 nempt-
670 5085 754 5142 tisqoe
765 5072 799 5127 ad
810 5088 841 5129 ea
853 5076 962 5132 damna·
1015 5079 1158 5151 apostolica
1172 5082 1244 5135 tedes
1255 5082 1410 5150 frequenter,
1425 5092 1453 5136 iit
1468 5083 1566 5137 dictum
1581 5094 1629 5149 est,
1644 5101 1718 5140 utare
1729 5086 1812 5156 niujo-

169 5153 211 5197 tiss
224 5145 256 5196 iit
269 5157 279 5194 .·
291 5142 369 5210 cujus
385 5141 525 5222 epistolam
538 5139 572 5194 ad
585 5155 715 5222 ιιιιιιιιιοι
726 5143 858 5213 episcopos
868 5144 963 5203 Gallie
1015 5168 1082 5218 ram,
1099 5152 1176 5207 etiarn
1192 5154 1247 5205 sine
1262 5153 1316 5205 ulta
1330 5153 1427 5222 sgaodo
1442 5154 1610 5223 precedente,
1627 5167 1651 5209 et
1664 5154 1813 5210 aiwloendi

167 5227 230 5270 cuiii
241 5211 600 5268 recensereutdonciliorom
611 5210 739 5291 editores,
751 5215 856 5281 priores
868 5231 963 5274 sersus
1014 5237 1079 5291 quos
1097 5222 1211 5291 synodus
1234 5223 1320 5293 iiiique
1338 5226 1513 5287 damnauerat,
1534 5234 1560 5280 et
1577 5225 1722 5280 damnandi
1740 5226 1814 5281 nulls

167 5283 366 5348 tantammodo,
381 5296 448 5351 quos
462 5281 533 5351 apud
543 5280 700 5362 Gratianum
716 5283 848 5349 siderant,
865 5287 962 5343 litteris
1015 5294 1137 5349 existente
1157 5295 1255 5362 spnodo
1276 5310 1340 5363 quos
1362 5295 1485 5363 oportuit,
1506 5294 1625 5350 habuerit
1644 5294 1813 5366 [medatem

168 5365 296 5413 iiotarunt
306 5353 416 5417 ltaiicis;
429 5368 491 5434 euni
501 5366 548 5408 ses
560 5361 623 5407 item
635 5352 830 5422 subsequentes
840 5355 960 5424 ejusdem
1016 5372 1112 5416 sanctie
1121 5365 1250 5417 nieniarie
1259 5366 1354 5434 quippe
1363 5364 1533 5420 diliauasisusi
1545 5369 1658 5438 sgiiodia
1672 5367 1813 5423 ilrisntals's

167 5435 258 5483 teitus
274 5424 353 5480 rerba
367 5431 517 5489 continere,
531 5431 559 5478 et
576 5422 671 5479 eodem
686 5424 766 5505 modo
782 5426 807 5479 in
822 5437 959 5495 posterum
1015 5431 1161 5499 addixerat,
1173 5449 1249 5502 quem
1262 5444 1346 5489 taoieu
1360 5447 1492 5508 excipiam
1504 5438 1577 5492 sedes
1588 5439 1745 5509 amstoticii,
1755 5439 1814 5509 qs'm

168 5496 449 5561 metamaucenses
464 5495 514 5549 hoc
524 5504 699 5550 monumento
709 5496 852 5551 discamus.
864 5497 959 5555 llirum
1014 5502 1174 5555 daurrsaiioui
1185 5503 1333 5559 drocarum
1351 5522 1402 5559 non
1415 5509 1560 5572 eoiisesiss't,
1573 5509 1701 5576 aasabim
1716 5520 1814 5566 sanda

169 5567 296 5639 estquod
312 5575 376 5620 item
390 5564 528 5630 discimus,
545 5580 630 5635 usque
643 5568 750 5647 abacto
765 5565 865 5621 Nicolai
881 5570 890 5623 l
905 5586 957 5626 oou
1013 5572 1277 5629 aremoricdoaiuieni
1288 5575 1597 5649 Coustauiiiiopolitassiois
1609 5582 1815 5650 sguoditsetiesti

168 5639 220 5692 uisi
233 5638 384 5706 abruptam,
396 5642 423 5690 et
433 5637 520 5706 capite
531 5647 666 5692 carentem
678 5653 703 5690 in
713 5637 840 5692 lloriiiuim
852 5653 958 5710 quoque
1012 5643 1196 5697 catiiotiroruui
1216 5647 1355 5714 presulum
1376 5658 1442 5703 certe
1464 5651 1613 5713 damnarat,
1633 5667 1711 5722 quens
1730 5652 1813 5708 siusili

169 5706 297 5762 Ecclesiae
317 5705 433 5772 scriniis,
450 5716 479 5785 tit
496 5707 576 5763 inodo
595 5716 622 5762 ct
641 5707 666 5760 in
684 5706 844 5772 Veronensis
859 5712 957 5777 depre·
1011 5713 1087 5768 modo
1103 5715 1174 5770 sedes
1191 5716 1332 5784 apostoliea
1346 5721 1423 5773 etiem
1437 5719 1503 5786 sola,
1520 5723 1580 5789 qaia
1596 5738 1649 5777 soii
1672 5724 1813 5790 moeniis,

168 5774 321 5842 bsodiinui,
337 5776 407 5833 bino
419 5777 561 5846 epistolant
575 5780 658 5835 sisain
672 5791 741 5835 eise.
757 5778 845 5835 acacii
859 5793 963 5850 propiis
1009 5783 1133 5851 aimirici
1148 5785 1257 5857 itenrqiis
1276 5803 1299 5843 s.
1310 5802 1346 5845 in.
1359 5784 1513 5848 statuarii
1527 5791 1684 5862 pmttpesns
1699 5807 1814 5866 sospe-
