3810 6254
568 358 957 495 nnoairtausnera,
978 404 1094 466 nnn.
1418 363 1420 368 ⁴
1601 403 1655 468 stt

109 509 178 574 uiri,
189 520 281 565 narrans
293 511 520 585 israei;paomam
534 517 593 571 noio
609 531 716 573 martem
726 520 808 591 impii,
823 502 982 588 ⁴bitumini,
999 519 1047 576 sed
1061 535 1221 578 consensum
1244 522 1359 579 irotnims
1383 524 1514 582 voluntati
1537 541 1593 583 suae
1605 527 1654 585 de·

109 598 244 656 bantinus?
259 603 421 659 licuertimini
442 616 466 661 et
484 608 555 662 uiuite
579 608 685 681 (linceis.
704 613 810 683 ιιιιιι).
865 610 947 667 inisse
961 611 1130 667 monstrarit.
1145 610 1214 679 Quid
1229 615 1361 672 mirumst
1374 631 1423 685 pro
1437 617 1524 674 salute
1537 619 1653 680 botninis

109 691 257 748 amodoeos
269 694 294 746 in
307 705 470 760 mortem,ut
485 698 669 768 blasphemas,
687 703 810 771 impellit,
865 699 999 775 iacrymas
1016 700 1093 768 iudit,
1110 717 1171 758 ιιοι
1184 707 1341 776 sanguinem
1353 707 1534 776 profusurus?
1549 711 1613 768 item
1623 713 1650 771 itt

109 779 369 838 ,dvitamnonsoium
380 787 812 859 nntujuncmtescdadectusnp-
864 791 991 847 ttrtttaco
1007 809 1014 846 :
1030 791 1185 861 ierusalem,
1204 813 1261 867 oute
1274 799 1370 854 accidis
1385 800 1571 871 propteroa
1586 803 1654 872 tapi-

110 872 147 926 tis
166 856 270 928 invitat.
288 873 371 930 item:
387 875 511 950 linceos,
526 878 588 933 dicit
600 880 741 948 doctrinam
751 884 811 937 noio
863 882 911 936 aar
925 883 1022 952 earoui
1031 883 1065 936 ad
1086 893 1109 938 te
1123 886 1195 939 missi
1217 898 1286 956 aaut,
1299 891 1397 959 quoties
1408 893 1478 948 ualui
1496 909 1652 965 eotcprepare

109 960 267 1033 nimpii,sed
280 969 553 1039 atreumtatnrimpiar
564 971 625 1025 crin
637 989 694 1037 sna,
708 984 732 1029 et
744 975 811 1028 uiuat
861 972 931 1041 filios
945 982 1003 1030 litos
1017 976 1083 1031 sicat
1096 976 1194 1049 pallitta
1209 990 1345 1051 conprepat
1356 982 1439 1051 pulian
1459 964 1518 1039 suos
1532 986 1578 1039 rub
1594 987 1651 1041 ntae

109 1050 188 1121 .irv).
199 1041 322 1108 ile'ditum
334 1069 364 1109 se
373 1055 398 1110 in
409 1067 539 1125 potestate
547 1058 645 1116 babere
653 1073 808 1132 eognoscat,
861 1081 939 1134 ruas,
955 1076 978 1122 et
996 1068 1112 1124 noluisti.
1135 1069 1206 1124 Duas
1232 1086 1274 1126 res
1289 1072 1332 1127 bie
1351 1075 1406 1145 agit
1424 1088 1513 1132 sermo
1533 1076 1650 1133 diuinus.

109 1132 380 1231 ioiuinoprovocatur
396 1158 423 1203 ut
436 1151 608 1207 redentitcn
622 1154 810 1224 coaptantis
860 1156 928 1213 Nam
943 1159 1105 1231 dum-dicit:
1125 1162 1229 1229 Quoties
1247 1162 1334 1230 enini,
1360 1176 1383 1220 ct
1407 1167 1521 1231 noluisti,
1543 1169 1570 1224 in
1595 1171 1652 1227 beo

109 1275 114 1290 .
131 1224 170 1291 Ne
183 1220 218 1293 de
232 1236 395 1309 indulgentia
406 1240 679 1313 rettsdirbitat,1udex
690 1246 809 1304 clemen·
861 1249 990 1319 propositi
1003 1249 1119 1319 bonitas,
1136 1252 1162 1306 in
1175 1252 1282 1307 bomine
1296 1255 1400 1310 arbitrii
1417 1265 1458 1312 est
1478 1240 1605 1329 expressa
1618 1260 1650 1315 ii·

109 1320 169 1383 tiata
191 1316 272 1382 'etiam
292 1326 405 1397 quadam
422 1334 582 1389 sacramenti
607 1335 809 1405 interpositione
860 1340 959 1395 bertas.
972 1339 1089 1397 bicendn
1104 1351 1193 1398 autem
1216 1341 1462 1418 :ierusalempnce
1483 1349 1579 1404 accidis
1590 1367 1650 1419 prn-

110 1410 168 1507 ιιι.
178 1400 241 1508 Ιὲιάί
253 1410 280 1474 et
294 1433 342 1493 per
357 1416 470 1490 apostoli
493 1422 563 1480 Petri
578 1429 739 1483 seutentiam
759 1444 808 1484 vo·
860 1431 962 1501 pietur,
976 1443 998 1487 et
1010 1432 1111 1504 lapidas
1126 1451 1167 1489 eas
1179 1436 1223 1506 qui
1234 1436 1269 1491 ad
1284 1445 1308 1489 te
1326 1438 1398 1492 mirri
1418 1449 1487 1515 runt,
1503 1442 1608 1499 salvare
1619 1456 1649 1498 se

120 1509 304 1582 benignissimi
331 1511 482 1568 insinuatur
509 1512 618 1572 actoris.
636 1517 697 1574 Nan
712 1521 807 1587 tardat,
860 1535 907 1577 eos
920 1522 1210 1594 voluissepronuntiat,
1227 1540 1288 1580 cum
1304 1526 1441 1583 evidenter
1453 1528 1571 1599 praierat
1586 1547 1649 1588 cau·

109 1639 113 1665 .
130 1588 255 1657 Domitius
278 1598 431 1674 promissam
454 1623 542 1674 suant,
560 1609 604 1663 scd
616 1611 741 1680 patienter
755 1613 808 1684 cpit
860 1600 904 1666 sas
919 1626 967 1681 per
981 1627 1047 1681 onas
1062 1600 1175 1670 salutern
1189 1604 1229 1670 eis
1243 1604 1342 1685 negare
1365 1617 1497 1674 debuerit.
1521 1612 1576 1676 liae
1589 1622 1648 1678 ioco

108 1676 285 1775 rinnandans
300 1695 401 1769 aliquos
420 1700 512 1767 perire,
528 1700 573 1753 sed
586 1701 621 1755 ad
636 1705 808 1772 paenitentiam
859 1702 959 1772 duplici
984 1718 1082 1774 genere
1108 1705 1134 1759 in
1160 1692 1238 1761 serio
1260 1706 1386 1777 iniquitas
1410 1719 1530 1766 cruentae
1551 1712 1648 1768 utentis

121 1780 166 1859 (ii
180 1782 239 1841 Pet.
261 1794 310 1859 tn).
331 1786 454 1845 Peccanti
479 1790 609 1862 ingeritur
636 1796 805 1865 poenitentia,
858 1778 1020 1851 ostenditur.
1038 1795 1066 1850 ln
1082 1796 1196 1852 liotnino
1212 1798 1376 1870 induigentia
1392 1802 1589 1874 benignissimae
1601 1819 1648 1860 uo·

109 1848 270 1943 ibiieier'tda
285 1870 469 1951 misericordia
493 1876 581 1938 lactem
606 1886 690 1955 possit
710 1887 808 1947 babere
822 1864 847 1956 ᾖ
860 1878 972 1942 latitatis
986 1887 1118 1959 aperitur.
1132 1881 1158 1944 Si
1173 1888 1244 1945 Deus
1258 1893 1344 1962 perire
1355 1892 1411 1948 tuit
1424 1894 1570 1963 bominem,
1581 1912 1648 1967 ouo-

109 1940 128 2022 i.
155 1946 209 2045 iii
232 1958 375 2042 patienter,
391 1970 495 2044 inquit,
519 1976 571 2048 npit
593 1979 805 2037 emendationem
857 1975 938 2033 modo
953 1977 1018 2033 dicit
1040 1979 1120 2034 etiam
1137 1970 1266 2050 propbeta
1284 1982 1429 2039 liieirnras:
1444 1985 1568 2040 irretiendo
1591 1984 1645 2054 iiii,

109 2032 232 2143 bulonia
247 2054 425 2153 ¹i‘tupt'ttieuter
444 2062 593 2136 desiderat,
614 2073 746 2140 patienter
761 2090 808 2129 ex·
858 2072 974 2139 airoino,
989 2072 1051 2137 pata
1070 2074 1103 2127 sit
1124 2065 1216 2127 ionum
1231 2066 1254 2128 et
1273 2075 1336 2143 oniti
1357 2075 1482 2131 Dominus
1505 2076 1615 2148 requirat
1630 2098 1647 2132 a

109 2140 134 2209 'i.
147 2140 214 2208 i'i'tttrt
229 2143 375 2209 secundnm
389 2156 487 2212 Ludunt
500 2175 507 2214 :
519 2158 553 2213 bt
569 2172 596 2215 ut
615 2166 805 2236 appropinqua·
856 2175 880 2219 te
890 2182 898 2229 ,·
910 2165 993 2232 ntique
1003 2165 1086 2231 iacere
1095 2165 1236 2236 judicium,
1249 2175 1271 2218 et
1287 2164 1394 2237 diiipcre
1407 2168 1608 2223 misericordiam
1622 2179 1646 2225 et

109 2230 168 2299 ieits
181 2234 316 2312 civitatem,
337 2249 407 2317 penta
426 2267 504 2320 super
527 2252 599 2306 iiiam
622 2255 730 2312 dicens:
747 2256 808 2312 lion
855 2254 993 2310 sollicitum
1013 2254 1146 2310 ambulare
1166 2240 1224 2309 cam
1245 2256 1299 2311 Dea
1321 2256 1486 2329 taoiiiicit.
1500 2256 1552 2330 ιιι).
1576 2260 1644 2315 Dum

109 2320 155 2409 uiti
166 2320 193 2390 in
217 2345 241 2393 te
253 2338 366 2409 lapidem
383 2357 459 2411 anper
479 2342 608 2411 lapidem,
626 2362 655 2400 eo
670 2346 738 2416 qnod
754 2365 805 2403 non
857 2348 932 2415 dicit,
948 2356 972 2402 et
993 2348 1056 2418 quid
1069 2346 1196 2402 Dominus
1209 2359 1304 2417 quaerat
1318 2366 1333 2402 a
1345 2357 1378 2414 te,
1400 2350 1580 2422 atiquet'acere
1594 2355 1645 2425 ju‹

109 2414 161 2482 'erin
172 2436 272 2498 tenipus
282 2414 435 2485 visitationis
447 2442 497 2486 tute
513 2432 587 2505 (Luc.
601 2437 668 2507 ιιι).
680 2436 729 2492 iiic
741 2453 806 2492 con·
858 2439 965 2506 dicium,
978 2445 1128 2508 promptam
1140 2439 1281 2494 exercendi
1297 2437 1359 2495 boni
1380 2440 1469 2510 operis
1478 2432 1643 2499 uoluntatem

109 2498 234 2575 iiidisnnt
248 2520 377 2578 baeretici.
395 2523 425 2582 Si
441 2522 568 2582 bantinus
580 2528 805 2596 periturissalntis
858 2544 911 2585 iton
927 2526 1091 2602 reposceret,
1103 2529 1125 2585 si
1136 2545 1188 2584 non
1201 2528 1330 2586 dedisset.
1346 2530 1425 2586 tides
1437 2532 1499 2601 quia
1514 2532 1583 2589 sieut
1596 2531 1645 2590 bei

110 2606 201 2668 us'erat
224 2612 344 2681 aditum,
377 2630 442 2686 ergo
469 2617 536 2674 laiso
561 2619 671 2676 istorum
695 2621 806 2679 deterit
858 2631 900 2677 est
912 2630 942 2677 ut
957 2637 1108 2691 provocans
1120 2619 1288 2688 adhortetur,
1305 2620 1342 2675 ita
1356 2618 1516 2677 obedientia
1529 2621 1645 2681 bominis

109 2694 136 2763 ι’.
150 2706 179 2765 Si
191 2716 280 2764 autern
292 2725 383 2765 eorum
399 2712 576 2784 perditionem
588 2730 653 2771 vero
668 2717 709 2788 (ut
719 2718 805 2773 mani-
858 2706 1024 2770 reservatum
1033 2724 1074 2769 est
1088 2721 1117 2768 ut
1130 2721 1266 2783 sequatur.

109 2788 113 2851 i
126 2786 179 2879 ent)
189 2790 307 2855 moerore
320 2800 465 2871 perdoluit,
481 2819 534 2858 non
546 2807 709 2863 uoluntatem
729 2822 803 2862 suam

466 2998 702 3109 LIBER
740 2994 1174 3106 SECUNDUS.

271 3138 382 3215 cseitt
402 3158 544 3214 PillliUii.
815 3157 936 3233 cdieit:
955 3141 1089 3210 cidarim
1110 3171 1153 3211 ear
1172 3172 1262 3223 snam,
1283 3172 1337 3212 non
1360 3159 1495 3228 passivum
1518 3169 1576 3227 est,
1598 3161 1644 3219 sed

109 3248 169 3306 ciria
178 3248 245 3320 guod
259 3248 333 3320 impie
344 3261 460 3305 cremant
473 3268 488 3304 a
501 3250 556 3307 Deo
566 3252 713 3307 induratum
724 3253 804 3322 iurare
855 3250 981 3306 activum.
996 3247 1041 3303 tis
1055 3249 1125 3304 seire
1138 3247 1200 3318 ouria
1213 3247 1303 3305 diviua
1327 3250 1511 3307 moderatione
1529 3251 1565 3308 ob
1581 3266 1645 3308 cau·

284 3337 327 3376 ‘⁰'
342 3321 499 3377 Pha'wmi·
855 3358 912 3400 saut
932 3341 1064 3398 induratae
1086 3344 1182 3397 mentis
1203 3341 1348 3411 operaturi
1367 3342 1438 3398 idem
1460 3347 1518 3414 ipse
1540 3344 1645 3401 Piratae

115 3450 226 3493 sensum
249 3437 394 3507 Scriptura
407 3447 507 3492 sanetae
521 3437 663 3493 sollicitius
685 3451 805 3506 perseru-
856 3438 992 3494 indecem
1015 3435 1100 3508 plagis
1123 3435 1225 3506 positus
1246 3450 1307 3490 eum
1322 3444 1517 3507 percuteretur,
1530 3437 1645 3509 mitiga·
1671 3460 1673 3465 ·

109 3572 112 3596 .
133 3538 159 3587 et
177 3530 327 3600 objicientis
347 3531 466 3585 animum
488 3530 693 3595 confundamus,
715 3541 803 3586 utrum
855 3533 950 3597 batur;
965 3546 1026 3586 eum
1050 3531 1197 3594 laxaretur,
1213 3528 1411 3600 ingravabatur.
1429 3533 1468 3585 do
1488 3530 1511 3585 si
1535 3531 1646 3601 mtpium

109 3636 118 3677 ι
135 3620 240 3690 rolens,
257 3636 290 3676 aa
312 3621 412 3676 inuitus
435 3635 450 3675 a
466 3621 580 3676 Domino
595 3621 674 3676 luerit
695 3621 804 3675 indura·
855 3625 945 3681 divina
959 3622 1089 3680 seneritas
1105 3621 1265 3688 inclinabat,
1279 3622 1385 3678 bonitas
1398 3622 1561 3691 obdurabat,
1575 3633 1603 3680 et
1616 3632 1646 3682 ut

109 3706 231 3781 solem,
246 3698 294 3783 ipsi
313 3713 404 3783 utique
418 3712 525 3782 eulpam
543 3712 725 3768 obdurationis
739 3713 804 3766 assi·
855 3730 884 3770 se
898 3729 960 3771 esse
979 3712 1058 3769 liberi
1079 3712 1183 3766 arbitrii
1198 3710 1410 3778 demonstraret,
1431 3715 1577 3783 castigante
1591 3716 1646 3771 beo
1734 3726 1738 3733 ’

118 3804 142 3861 si
164 3820 227 3861 tero
250 3804 365 3872 invitas,
388 3805 554 3877 iniquitatem
578 3805 624 3860 bei
648 3803 803 3860 obdurantis
855 3805 981 3876 populum
1005 3805 1173 3867 dimittebat,
1194 3813 1320 3871 parcente
1340 3804 1493 3859 revocabat.
1517 3805 1645 3876 Perspice

111 3890 135 3952 s.
149 3897 213 3966 Qua
228 3897 309 3953 etiam
324 3897 427 3967 justitia
442 3906 515 3963 erat,
532 3898 554 3952 si
576 3911 656 3966 ouem
677 3897 733 3966 ipso
753 3894 803 3950 ob·
855 3895 989 3966 quomodo
1001 3894 1129 3952 rebeliem
1143 3895 1265 3965 spiritum
1278 3894 1396 3950 coelestis
1410 3896 1505 3952 lenitus
1517 3899 1644 3955 obdurat.

109 3990 174 4057 trit,
192 3990 250 4059 ipse
262 3989 386 4059 puniret?
401 3988 465 4044 Cum
481 4003 545 4044 tero
558 3989 685 4044 Dentibus
698 3988 755 4057 ipse
770 3986 803 4041 ad
855 3991 1053 4049 decedentibus
1077 3990 1227 4046 mitioribus
1254 3997 1282 4044 et
1303 3988 1415 4059 ilageilis
1436 3993 1588 4048 recentibus
1602 3994 1645 4049 ia·

109 4080 352 4151 rouaturetdieat:
367 4078 419 4133 cnr
433 4078 804 4149 ncrrninnimincrcpapulam
856 4083 975 4139 soieccit.
1003 4085 1125 4153 Agnosce
1156 4083 1286 4135 rationem
1314 4080 1516 4150 obdurationis,
1540 4095 1566 4139 et
1589 4086 1644 4142 vim

109 4172 167 4229 inei
182 4189 312 4245 usquequo
325 4189 377 4227 raon
390 4174 427 4229 uir
444 4173 536 4245 subjici
549 4174 608 4227 miii
622 4171 720 4244 (licead.
737 4169 804 4239 vitii
855 4173 970 4245 propriae
982 4172 1136 4229 uoluntatis.
1149 4170 1288 4226 ilebraenm
1303 4171 1449 4242 populum,
1463 4188 1542 4242 ouem
1553 4175 1645 4243 egredi

110 4248 137 4322 bi
157 4249 254 4322 divinis
273 4265 432 4321 testimoniis
451 4266 562 4322 liberam
581 4265 664 4321 luisse
688 4266 715 4318 in
735 4261 804 4317 Pha·
855 4279 904 4337 pro
922 4263 1046 4333 imposita
1066 4261 1117 4318 sibi
1132 4262 1292 4317 contritione
1311 4276 1382 4316 nuno
1403 4262 1536 4332 precipit,
1551 4275 1577 4320 et
1596 4280 1645 4336 pro

113 4357 282 4427 agnoscimus
300 4357 475 4413 uoluntatem.
497 4357 552 4412 liae
567 4358 670 4412 ratione
685 4336 803 4410 Pharao·
854 4355 991 4424 plagarum
1005 4353 1190 4409 moderatione
1205 4365 1275 4406 nunc
1289 4350 1431 4423 probibet,
1444 4351 1478 4406 ad
1493 4362 1644 4410 sitientum

109 4446 330 4514 dicitilominus,
354 4448 504 4514 obdurabo,
527 4447 668 4502 dameam
688 4445 755 4500 mibi
777 4445 803 4500 in
856 4446 1069 4502 incumbentibus
1092 4444 1177 4517 plagis
1210 4445 1290 4500 etiam
1324 4443 1435 4499 lestines
1462 4454 1588 4515 perurget
1616 4459 1645 4502 et

128 4540 224 4610 plagis,
240 4555 335 4610 quasa
356 4540 446 4610 ilayse
465 4550 590 4594 exoratus
606 4553 742 4601 removeo,
760 4539 802 4591 in·
815 4543 844 4605 Ι)
856 4539 932 4594 abire
950 4536 1097 4606 compellit.
1119 4535 1177 4591 Non
1200 4549 1265 4605 crgo
1283 4533 1422 4589 induratur
1443 4534 1469 4588 in
1490 4536 1573 4592 multa
1596 4538 1645 4594 bei

109 4635 267 4701 tiernium·
291 4629 361 4701 Edi.
387 4631 487 4698 inlidi,
509 4628 640 4683 vidttrssbo
661 4644 706 4681 cor
729 4626 802 4681 ΡΜ·
855 4633 989 4700 potentia,
1004 4631 1051 4685 sed
1066 4636 1235 4698 contemptor
1248 4626 1363 4684 eiiieitur
1384 4629 1408 4682 in
1431 4630 1512 4684 muita
1531 4630 1578 4686 liei
1596 4646 1644 4701 pa·

109 4722 166 4778 ‚Sie
178 4721 310 4777 interdum
326 4722 494 4776 familiariter
504 4721 584 4777 etiam
598 4720 666 4790 apud
678 4720 801 4776 iromines
853 4720 956 4776 tientia.
982 4720 1103 4788 lienique
1125 4719 1197 4773 inter
1224 4719 1340 4773 alternas
1365 4719 1438 4774 uices
1462 4722 1643 4792 castigationis

109 4813 265 4869 elocutionis
279 4813 333 4869 nim
348 4813 519 4874 assumimus,
532 4812 571 4865 sic
586 4811 719 4866 interdum
733 4825 800 4867 con·
854 4824 880 4868 ct
894 4811 1061 4868 remissionis
1080 4808 1228 4880 flagellatus
1244 4811 1410 4876 humiliatur,
1426 4813 1568 4869 exauditus
1586 4815 1641 4871 eri-

109 4904 163 4959 bus
175 4903 282 4959 iamaiis
300 4906 492 4974 exprobramus
507 4902 736 4959 mansuetudinem
752 4916 801 4957 uo·
854 4905 941 4975 gitur,
968 4903 1096 4958 liberatus
1122 4899 1247 4968 insultat,
1270 4900 1384 4956 aidictns
1408 4903 1588 4974 obtemperat,
1615 4915 1642 4961 et

120 4991 157 5050 ita‘
170 4994 309 5052 dieentes:
327 4996 383 5067 Ego
398 4993 522 5064 patientia
538 5008 597 5048 ntea
613 5004 638 5049 te
652 4993 799 5064 pessimum
854 4997 923 5051 lilios
945 4992 1106 5050 israeliticos
1120 5002 1180 5063 post
1192 4994 1324 5048 decimam
1340 4993 1443 5063 plagam
1458 4997 1579 5049 erninsse
1593 5011 1641 5050 co-

109 5072 313 5156 &ammissione
332 5102 391 5142 mea
404 5087 532 5140 malitiam
547 5093 617 5140 tuam
633 5084 799 5155 superbiam·
853 5088 999 5159 gnoseitur.
1013 5085 1046 5141 ad
1061 5088 1247 5157 primumcum
1262 5084 1385 5140 emittere
1407 5085 1526 5154 potuisse
1547 5087 1641 5142 valtin-

109 5178 199 5246 ttri'ti,
223 5180 273 5249 ego
294 5184 319 5235 te
343 5189 528 5234 contumacem
555 5177 716 5246 indulgentia
739 5190 799 5230 mea
854 5190 893 5233 tas
911 5186 1044 5247 postrema
1060 5185 1183 5231 testatur.
1205 5176 1311 5231 Etcum
1328 5177 1397 5230 inter
1423 5176 1526 5231 oredias
1549 5192 1641 5232 eamc-

109 5268 131 5334 i,
143 5281 193 5339 ego
205 5268 417 5325 dissimulatione
430 5283 547 5323 meacm
562 5277 653 5336 tuum,
668 5273 800 5321 utcontra
855 5271 960 5340 ptiones
973 5268 1131 5338 proilteatur
1146 5284 1153 5320 :
1173 5265 1263 5322 instar
1283 5283 1318 5334 cr,
1336 5265 1460 5332 Domine;
1481 5283 1526 5338 epe
1541 5284 1598 5322 cera
1618 5281 1642 5325 et
1672 5350 1675 5357 ι

109 5355 223 5413 duretam
241 5361 368 5412 animari.
382 5359 416 5415 lit
436 5360 486 5415 boe
499 5359 580 5415 modo
595 5356 666 5428 quoti
681 5358 799 5412 bonitate
853 5360 962 5433 papulas
975 5376 1046 5415 meus
1060 5356 1133 5429 impii
1149 5358 1246 5431 iliaca.
1263 5360 1317 5431 ιι),
1342 5373 1394 5414 non
1409 5375 1467 5415 sea
1483 5360 1548 5424 lieo,
1566 5362 1642 5415 seda

109 5448 234 5505 itirtutis
246 5459 287 5504 est
300 5450 492 5518 testimonium,
505 5452 534 5505 in
545 5451 618 5506 serni
628 5449 799 5519 improbitate
852 5450 988 5506 voluntate
1002 5451 1109 5521 propria
1123 5450 1295 5520 depravatam
1307 5450 1481 5506 cortscientiae
1496 5465 1550 5503 suae
1566 5452 1641 5504 testis
1672 5518 1676 5527 ι

109 5522 315 5599 meditantem
331 5544 556 5599 sermodiuinns:
575 5540 800 5613 iidensoucPia·
851 5542 985 5598 ostendit:
1001 5552 1028 5597 et
1042 5551 1069 5597 tn
1083 5542 1167 5598 licum
1192 5543 1263 5598 circa
1285 5540 1451 5596 i’lraraonem
1475 5540 1571 5594 durum
1598 5543 1640 5597 cci
1716 5549 1721 5561 ¹

122 5635 191 5704 quad
210 5640 271 5689 anta
293 5644 356 5690 essct
375 5637 485 5704 reonies,
504 5637 644 5706 irprncam't
666 5652 709 5689 cat·
724 5653 798 5690 taam
851 5636 968 5706 iniquum
995 5634 1077 5692 inisse
1098 5638 1239 5708 praesumis
1261 5650 1393 5700 asserere,
1416 5649 1495 5703 ouem
1518 5635 1588 5689 eirca
1609 5650 1639 5692 sa

109 5728 194 5796 .rtn).
209 5727 422 5783 ilaoiiestissime
436 5729 487 5782 boe
506 5729 563 5782 loeo
577 5728 677 5783 indulta
694 5730 799 5797 reputes
848 5728 949 5797 justum
961 5736 988 5782 et
1000 5729 1072 5797 pium
1088 5728 1145 5799 ipse
1160 5730 1303 5799 sacrilegas
1320 5742 1372 5783 non
1389 5725 1472 5795 potuit
1487 5725 1641 5799 abnegaret

109 5819 221 5874 ceraunis
232 5819 371 5875 indurasse
380 5818 563 5885 perscribitur.
578 5819 633 5874 ilne
642 5820 713 5875 enim
727 5817 799 5888 orrod
850 5821 981 5877 immitem
1005 5820 1088 5879 lieum
1110 5822 1245 5880 Citristum
1269 5834 1329 5877 esse
1354 5817 1538 5891 consequitur,
1555 5832 1638 5894 ouem
