3810 6254
106 283 157 341 uss
739 273 863 333 sruouu
881 250 1109 332 uvouuuunts
1623 276 1631 291 ·
1692 260 1749 326 sos

106 395 198 455 videor
211 397 351 473 explesse,
375 410 409 451 cx
423 393 511 466 legato
531 390 642 449 nuntius
656 405 714 447 ero.
737 389 810 447 ilicet
827 391 900 447 scias
913 392 939 453 Α
951 391 1033 455 mala,
1047 389 1135 445 bonus
1150 385 1288 452 sacerdos,
1301 385 1388 442 bonus
1399 391 1488 455 pater,
1502 383 1588 441 botrus
1597 396 1685 441 auuus
1695 396 1748 442 ess

106 489 181 557 tolo,
207 501 383 558 peromnem
406 485 490 541 lcrtur
513 483 684 556 Aquitaniam
711 482 797 554 gloria
826 491 893 537 tua:
950 483 1047 556 quibus
1063 497 1152 553 operas
1169 481 1283 552 pretium
1305 479 1370 547 luit,
1386 480 1444 535 lieri
1465 479 1562 536 lantcur
1577 493 1653 534 suam
1678 477 1750 549 peri·

106 583 225 650 arnaria,
253 582 386 646 lauderis,
410 577 594 648 desideraris,
610 577 757 644 excoleris,
778 575 898 631 omnium
952 576 1032 643 culo,
1049 574 1073 632 si
1090 573 1169 630 aliter
1183 587 1244 630 esse
1267 588 1321 628 non
1337 579 1443 642 poterat
1461 580 1505 627 tua
1519 570 1629 642 largitas
1643 569 1750 641 experi-

105 677 280 749 pcctoribus,
304 673 425 730 omnium
450 672 532 728 votis.
566 673 638 727 luter
665 672 721 726 baec
749 681 898 740 temporum
954 675 1055 722 mento.
1072 665 1173 722 Memor
1189 665 1274 721 nostri
1289 678 1350 720 csse
1363 664 1492 736 dignare,
1508 662 1618 720 domiue
1631 677 1713 735 papa.

108 793 1745 833 Μ

576 912 815 1043 ursula
852 908 1273 1049 SEPTIMUS.

310 1105 386 1176 171
408 1097 574 1156 mersiota
596 1097 701 1153 mutua
962 1095 1028 1150 lldes
1043 1095 1128 1150 tuain
1143 1094 1189 1149 illo
1205 1093 1301 1149 ardore
1319 1093 1381 1164 plus
1399 1091 1481 1148 caluit
1502 1108 1509 1145 :
1529 1099 1556 1146 et
1567 1106 1628 1147 cum
1644 1092 1672 1148 in
1685 1107 1754 1150 con·

955 1196 1048 1258 speetu
1063 1185 1167 1256 pavidae
1183 1184 1284 1255 plebis,
1302 1185 1408 1254 objectu
1424 1184 1482 1239 solo
1497 1184 1534 1239 tui
1546 1184 1671 1255 corporis
1684 1186 1754 1257 ignis

899 1294 903 1301 ’
954 1294 1080 1336 recussus
1093 1279 1118 1334 in
1131 1287 1233 1350 tergum
1245 1276 1364 1348 fugitivis
1377 1275 1492 1332 flexibus
1508 1279 1683 1345 sinuaretur,
1703 1279 1754 1333 mi·

143 1375 246 1431 Rumor
256 1382 298 1430 est
314 1374 416 1429 Gothos
430 1373 456 1428 iu
478 1371 629 1427 Romanum
643 1371 731 1426 solum
745 1378 833 1425 castra
847 1383 902 1424 mo·
955 1373 1047 1427 raculo
1061 1370 1186 1436 terribili,
1203 1385 1283 1439 novo,
1301 1369 1438 1436 inusitato,
1451 1369 1533 1425 adluit
1547 1370 1627 1442 173
1638 1369 1754 1428 Mantuani

108 1467 189 1529 risse·
218 1467 287 1522 livio
313 1481 420 1535 semper
442 1465 584 1534 irruptioni
607 1478 655 1518 nos
677 1463 768 1518 miseri
789 1461 903 1517 Arverni
955 1466 1052 1522 cedere
1067 1479 1115 1536 per
1125 1464 1322 1528 reverentiam,
1336 1464 1379 1518 eui
1395 1461 1598 1532 sentiredeiult
1611 1478 1661 1533 per
1678 1476 1755 1521 natu

108 1561 190 1632 janua
204 1575 307 1616 sumus.
334 1558 453 1628 Namque
470 1557 539 1613 odiis
562 1557 732 1611 inimieorum
749 1554 810 1610 ltine
825 1567 903 1623 pecu·
956 1573 1025 1614 ram.
1042 1556 1160 1613 Primum
1182 1556 1263 1626 igitur
1275 1564 1302 1611 et
1315 1555 1349 1610 iis
1364 1556 1456 1625 paucis
1468 1554 1553 1610 nostri
1571 1555 1676 1611 ordinis
1689 1555 1755 1614 viris

108 1653 184 1711 liaria
199 1652 317 1709 dourenta
337 1651 583 1718 subministramus,
610 1649 671 1721 quin
694 1648 764 1720 quod
788 1649 902 1703 necdum
957 1652 1175 1723 iodieisjcjunia,
1187 1650 1327 1706 interdicis
1339 1648 1448 1719 dagitia,
1464 1648 1596 1720 supplicia
1611 1648 1751 1720 praedicis,

109 1746 239 1803 terminos
253 1760 317 1801 suos
331 1744 365 1799 ab
378 1745 485 1802 Oceano
500 1743 694 1799 inlilrodanum
708 1743 810 1813 Ligeris
825 1741 902 1796 alveo
955 1744 1074 1803 remedia
1094 1744 1229 1815 promittis
1249 1759 1257 1800 ε
1282 1743 1395 1812 exponis
1413 1741 1558 1810 omuibus,
1579 1756 1629 1798 nec
1644 1756 1753 1815 penam

109 1837 301 1906 limitaverunt,
315 1839 459 1909 solamssub
472 1853 523 1908 ope
535 1837 634 1892 Christi
647 1852 749 1891 moram
762 1838 796 1893 de
810 1848 901 1894 nostra
953 1837 1124 1909 longinquam
1147 1851 1224 1903 esse,
1242 1850 1291 1891 nce
1305 1835 1426 1901 veniam;
1442 1833 1524 1890 doces
1533 1833 1699 1890 denuntiatae
1710 1848 1755 1890 so·

109 1941 212 1991 lautum
234 1932 311 1989 obice
327 1934 473 2002 patiuntur.
490 1932 728 2001 circumjactarum
744 1934 822 2005 172
836 1947 902 1987 vero
956 1932 1077 1988 titudinis
1091 1930 1178 1986 minas
1191 1930 1343 1985 orationum
1370 1928 1521 1999 frequentia
1542 1943 1603 1984 esse
1626 1927 1756 1985 amolien-

94 2026 213 2111 tspatia,
228 2033 395 2095 tractumque
412 2026 551 2094 regionum
565 2025 620 2096 jam
637 2023 739 2094 pridem
765 2026 838 2095 regni
855 1997 942 2080 mt-B
961 2026 1024 2092 das;
1046 2039 1140 2082 mones
1150 2023 1334 2079 assiduitatem
1349 2020 1463 2078 furentis
1476 2021 1607 2089 incendii,
1624 2036 1694 2094 aqua
1708 2035 1756 2093 po-

107 2118 182 2175 naeis
205 2117 359 2188 importuna
383 2118 524 2172 denarravit
543 2117 694 2187 impressio.
711 2118 764 2172 Sed
778 2117 907 2172 animosi·
962 2118 1014 2173 tius
1027 2116 1165 2172 oculorum
1180 2129 1259 2185 quam
1279 2113 1420 2169 fluminum
1433 2127 1513 2185 posse
1533 2112 1680 2185 restinguip
1696 2127 1756 2169 mo-

108 2208 156 2267 lati
170 2218 272 2269 nostre
286 2220 339 2266 tam
358 2209 521 2276 temerariae,
538 2216 647 2279 tamque
662 2208 836 2279 periculosae,
852 2224 905 2264 uon
962 2226 1011 2268 nes
1029 2211 1161 2266 minacem
1190 2219 1269 2265 terrm
1296 2217 1417 2264 motuum
1440 2207 1666 2264 conflictationem
1694 2206 1756 2268 ndei

111 2317 162 2363 nos
172 2310 219 2359 aut
232 2303 383 2359 ambustam
397 2316 536 2358 murorum
553 2302 662 2370 laciem,
678 2311 724 2356 aut
740 2313 845 2372 putrem
861 2318 908 2358 su·
960 2301 1104 2358 stabilitate
1118 2301 1284 2356 demandam.
1300 2299 1383 2370 Cujus
1394 2298 1535 2356 coniectim
1550 2315 1653 2373 sequax
1667 2300 1756 2357 bumi-

110 2394 187 2451 dium
207 2403 324 2461 cratem,
341 2405 386 2449 aut
402 2395 602 2467 propugnacula
617 2395 727 2466 vigilum
739 2396 800 2451 trita
817 2404 908 2467 pecto·
961 2395 994 2452 lis
1012 2397 1088 2452 turba
1102 2395 1206 2452 consilii
1222 2440 1228 2464 ,
1244 2393 1391 2465 majoribus
1405 2408 1512 2468 quoque
1525 2396 1582 2453 suis
1597 2396 1651 2471 luit
1662 2368 1756 2454 Garo-

109 2488 184 2545 ribus
199 2488 547 2559 eottddimusopitulatura:
564 2488 623 2544 solo
639 2498 728 2544 tamea
740 2489 906 2545 invectarum
960 2496 1061 2555 mento,
1077 2501 1145 2559 quos
1166 2503 1226 2543 cum
1250 2502 1305 2542 non
1328 2487 1459 2558 piguisset
1472 2488 1575 2560 lugere,
1591 2488 1684 2547 redire
1703 2504 1757 2547 nou

114 2591 261 2640 tcauetore
275 2582 443 2652 rogationum
459 2582 599 2652 palpamur
614 2579 714 2636 auxilio
731 2598 738 2635 ι
753 2581 851 2652 quibus
865 2582 907 2636 in·
960 2581 1065 2653 puduit.
1081 2580 1138 2650 Qua
1153 2579 1298 2636 devotione
1311 2580 1432 2650 placatus
1451 2582 1588 2652 inspector
1601 2589 1756 2652 pectorum,

110 2674 243 2732 ιιιοιιιιιιι
254 2674 499 2746 instituendisqueb
509 2674 840 2746 populusdrvemus,etsi
853 2689 907 2729 non
960 2675 1040 2740 Deus,
1057 2674 1122 2732 lecit
1134 2690 1194 2731 esse
1209 2673 1420 2730 obsecrationem
1434 2681 1551 2731 restrum
1566 2673 1644 2729 robis
1655 2672 1755 2742 saluti,

112 2768 212 2826 ellectu
225 2769 295 2839 pari,
319 2768 416 2825 alleetu
429 2775 504 2824 certe
516 2782 569 2822 non
584 2766 679 2837 impari
694 2766 775 2837 coepit
795 2765 904 2836 initiari,
959 2769 1064 2825 caeteris
1086 2767 1246 2833 imitationi,
1267 2769 1388 2839 utrisque
1407 2766 1544 2837 prasidio.
1568 2766 1758 2839 britonellus

58 2872 63 2895 ¹
110 2871 137 2921 st
155 2862 190 2919 ob
214 2861 265 2918 boc
280 2860 451 2918 circumfusis
464 2860 579 2917 necdum
597 2858 643 2915 dat
658 2866 730 2929 terga
746 2858 905 2915 terroribus.
958 2860 1085 2931 deinceps
1099 2875 1152 2916 non
1167 2861 1242 2918 lucre
1256 2862 1299 2918 vel
1314 2861 1410 2917 damna
1422 2861 1581 2930 calamitati,
1594 2861 1640 2917 rel
1651 2869 1759 2919 ostenta

109 2949 166 3011 Nou
180 2951 252 3010 euim
265 2953 332 3009 latet
349 2962 468 3009 nostram
484 2953 713 3018 sciscitationem,
731 2952 824 3020 primis
841 2959 906 3005 tem·
960 2953 1107 3010 formidini.
1122 2954 1187 3022 Quae
1206 2954 1296 3010 omnia
1320 2953 1409 3011 sciens
1424 2955 1539 3026 populus
1553 2953 1604 3010 iste
1617 2952 1760 3011 Viennen-

110 3045 355 3116 poribusbarumce
363 3046 589 3116 supplicationum
604 3044 801 3110 institutarum,
811 3042 906 3099 civitas
959 3047 1033 3103 sibus
1049 3047 1100 3102 tuis
1114 3054 1141 3104 ct
1154 3046 1283 3103 accidisse
1297 3048 1382 3117 prius,
1398 3054 1426 3103 ct
1441 3062 1495 3102 nun
1506 3044 1652 3103 accessisse
1662 3054 1760 3115 poste·

110 3139 218 3197 coelitus
233 3139 282 3195 tibi
296 3139 398 3193 eredita
414 3152 460 3206 per
479 3133 629 3205 eujusmodi
656 3135 838 3205 prodigiorum
853 3144 907 3189 ter·
959 3139 1024 3204 rius,
1047 3138 1159 3209 vestigia
1182 3147 1235 3192 tam
1264 3146 1446 3195 sacrosanctam
1474 3134 1672 3193 informationis
1700 3152 1761 3192 am.

110 3231 285 3291 riculsmeuta
299 3228 472 3284 vacuabatur.
487 3228 553 3280 liam
566 3225 646 3280 modo
656 3233 666 3261 ι
675 3239 763 3282 scenae
777 3227 906 3282 moenium
959 3231 1099 3301 plectitur,
1109 3230 1203 3288 sedulo
1217 3240 1321 3301 petens,
1332 3238 1362 3286 ut
1374 3231 1607 3287 conscientiarum
1615 3227 1760 3285 beatitudo

110 3324 276 3395 publicorum
301 3321 404 3377 crebris
427 3330 506 3375 terra
526 3316 644 3374 motibus
663 3318 904 3387 concutiebantur;
959 3322 1206 3379 mittatorationum
1225 3338 1334 3378 suarum
1347 3321 1499 3393 suuragu,
1523 3319 1621 3391 quibus
1633 3321 1760 3393 exempla

111 3429 180 3471 nunc
196 3414 270 3484 ignes
287 3427 359 3482 saepe
371 3408 498 3466 flammati
512 3408 628 3464 caducas
643 3407 790 3464 culminum
807 3409 904 3466 cristas
920 3381 944 3446 c
960 3415 1118 3473 transmisit.
1128 3416 1161 3471 Et
1172 3416 1234 3488 quia
1247 3414 1294 3470 tibi
1309 3416 1361 3471 soli
1373 3429 1500 3473 concessa
1512 3420 1564 3483 est,
1575 3411 1761 3484 posterorum

111 3505 264 3576 superjecto
286 3502 439 3557 favillarum
466 3507 557 3555 moute
573 3499 754 3568 tumulahaut;
769 3515 839 3557 nunc
851 3513 904 3556 stu·
959 3507 1137 3572 memoriam,
1159 3507 1200 3561 vel
1221 3502 1433 3563 confessoremd
1454 3504 1626 3562 amarorum
1640 3502 1760 3559 duorum

112 3598 197 3670 penda
224 3597 283 3652 loro
305 3595 403 3651 cubilia
423 3594 593 3651 collocabant
616 3594 759 3650 audacium
783 3590 932 3666 pauenda(
959 3609 1106 3672 martyrum
1133 3608 1319 3670 repertorem,
1343 3597 1510 3668 inpartibus
1538 3596 1613 3653 orbis
1628 3594 1759 3677 occidui,

112 3687 288 3746 mansuetudo
308 3701 451 3744 cervorum
473 3703 481 3741 τ
504 3701 565 3742 cum
593 3697 619 3743 tu
632 3686 704 3743 iuter
718 3687 768 3742 ista
783 3685 903 3743 discessu
958 3693 1110 3766 martyris·
1125 3686 1245 3749 Ferreoli
1270 3690 1357 3747 solida
1373 3688 1532 3758 translatio,
1548 3687 1656 3759 adjecto
1669 3687 1760 3745 nostri

112 3784 258 3854 primorum
279 3779 501 3851 populariumque
521 3788 593 3836 statu
607 3781 682 3837 urbis
703 3780 852 3844 exinanito,
868 3783 902 3837 ad
959 3787 1047 3858 capite
1059 3786 1174 3852 tuliani,
1190 3785 1262 3855 quod
1282 3784 1360 3840 istinc
1374 3783 1527 3839 turbulento
1541 3781 1680 3854 quondam
1695 3796 1762 3853 per·

112 3888 182 3929 nora
196 3873 269 3929 celer
284 3880 405 3929 veterum
417 3872 592 3928 Ninivitarum
605 3874 737 3944 exempla
753 3874 906 3944 decurristi,
961 3882 1078 3937 secutori
1099 3895 1195 3936 manus
1209 3879 1303 3935 retulit
1320 3888 1431 3935 cruenta
1445 3876 1580 3935 camiiicls
1597 3893 1605 3930 ε
1619 3888 1676 3933 nou
1690 3875 1762 3945 iuju-

115 3980 152 4025 ne
166 3966 264 4022 divinae
277 3965 455 4022 admonitioni
470 3976 514 4022 tua
530 3980 637 4039 quoque
647 3966 800 4038 desperatio
816 3970 910 4023 couvi·
960 3974 1029 4030 rium
1052 3982 1113 4041 est,
1128 3971 1198 4045 quod
1213 3986 1262 4044 pro
1280 3969 1500 4042 compensatiouc
1518 3966 1709 4040 deposcimus,
1731 3953 1903 4024 at)

113 4062 238 4119 ciaretur.
266 4061 300 4116 Et
321 4076 385 4117 rere
411 4062 466 4130 iam
487 4061 522 4117 dc
540 4059 597 4116 Deo
623 4070 651 4117 tu
675 4061 788 4117 minime
803 4071 910 4131 poteras
963 4064 1218 4121 nobisindeveuiat
1237 4078 1300 4135 pars
1320 4062 1560 4135 patrocinii,quis
1582 4058 1665 4134 172
1684 4059 1747 4118 vobi
1861 4064 1874 4068 ‘

112 4155 213 4226 absque
224 4162 337 4225 peccato
355 4162 417 4223 post
434 4154 563 4208 virtutum
574 4154 759 4222 experimenta
771 4152 907 4211 diilldere.
964 4162 1026 4216 ltluc
1039 4159 1118 4215 rediit
1132 4173 1193 4230 pars
1206 4158 1321 4230 patroni.
1338 4158 1441 4215 Memor
1454 4156 1539 4213 nostri
1552 4168 1614 4213 esso
1625 4154 1764 4227 dignare,
1776 4172 1887 4207 a

113 4248 180 4305 liam
195 4263 255 4304 cum
269 4247 328 4302 vice
347 4244 459 4315 quadam
474 4245 568 4300 civitas
585 4243 752 4317 conflagrare
772 4248 909 4317 crepuisset.
963 4254 1071 4310 dominc
1082 4269 1159 4325 papa.
1662 4240 1666 4249 '

194 1217 318 1276 Sidonius
330 1216 456 1271 dominos
472 1229 545 1285 papae
560 1211 686 1267 Mamerto
699 1212 818 1266 sulutem.

150 4373 163 4403 ι
183 4363 317 4433 Episcopo
339 4361 502 4424 Viennensi,
527 4361 560 4414 de
577 4376 631 4429 quo
647 4376 738 4432 supra.
762 4362 907 4420 Mamertus
963 4369 1051 4424 Alium
1069 4369 1170 4436 quidem
1193 4367 1312 4421 tubarum
1332 4381 1411 4420 sonus
1430 4373 1455 4420 et
1475 4365 1597 4436 strepitus
1615 4366 1859 4418 armorumv‘

114 4435 197 4493 etism
209 4433 308 4489 dicitur
323 4432 356 4485 ab
370 4431 461 4485 Hilaro
476 4445 550 4512 ‘papa
565 4438 592 4485 ct
606 4431 717 4501 Lucida,
731 4434 820 4494 Avito.
842 4433 908 4490 Gre·
961 4441 1042 4494 alium
1061 4439 1179 4507 quedem
1199 4439 1322 4507 trirrmpiri
1342 4453 1418 4492 scena
1436 4436 1560 4491 demerent
1578 4447 1757 4506 :quanquam

114 4503 190 4575 gorio
204 4503 340 4559 Turon.et
354 4501 650 4568 aliis.QurMamertum
666 4504 821 4568 scribunt,a
832 4506 907 4561 libris
961 4526 992 4565 ea
1003 4527 1055 4565 vor
1072 4520 1172 4565 temore
1187 4510 1286 4563 ontissa
1302 4518 1343 4566 est
1358 4508 1385 4562 iu
1400 4505 1525 4575 vulgatis.

115 4573 231 4644 antiquis
245 4572 388 4628 discedunt
413 4582 440 4625 et
464 4586 478 4625 a
503 4571 577 4627 vocis
597 4572 711 4642 origine.
727 4574 793 4629 Mam
814 4591 829 4630 a
852 4577 907 4631 Ma·
997 4578 1064 4635 dlle
1079 4580 1201 4648 reliquiis
1217 4578 1400 4636 SS.'Gervasii
1424 4586 1454 4634 ct
1465 4574 1579 4633 Protasii
1594 4576 1632 4631 ab
1643 4575 1850 4631 amoroz

117 4653 204 4701 nterte
220 4644 365 4727 Mamertus
379 4642 491 4706 dicitur,
505 4651 533 4696 et
546 4658 561 4697 a
576 4643 705 4698 Mamerto
721 4645 904 4711 Mamertinus,
961 4653 1001 4705 sio
1016 4650 1158 4706 Mediolani
1173 4656 1297 4719 repertis,
1322 4649 1481 4704 Ambrosius
1503 4649 1562 4719 ipse
1577 4647 1659 4721 epist.
1686 4645 1724 4702 ts
1736 4650 1814 4702 ιι,

117 4728 177 4786 ιιιιιΙ
192 4715 378 4771 Mamerctuus.
402 4711 468 4767 Cum
491 4714 541 4768 lrae
561 4726 649 4768 autent
673 4716 784 4783 epistota
799 4732 906 4788 cumpa-
966 4736 1091 4777 sermone
1105 4721 1136 4777 bl
1149 4736 1155 4786 ;
1168 4720 1331 4788 Augustinus
1345 4717 1601 4778 raCoolesslooum,
1613 4724 1643 4773 et
1655 4717 1856 4773 1111d9

116 4785 201 4841 rauda
211 4794 253 4843 est
263 4783 436 4840 Alcimidviti
453 4784 559 4867 bomilia
570 4785 603 4840 de
617 4784 821 4856 Rogationibus,
833 4789 909 4860 cuijus
923 4786 949 4846 D
961 4791 1089 4859 Civitate;
1102 4790 1247 4863 Gregorius
1256 4785 1502 4847 TurumdeGlur‘ta
1510 4796 1673 4862 martyrum,
1683 4787 1796 4853 librr

82 4872 97 4901 ι
118 4859 219 4921 mentio
237 4855 307 4912 lacta
323 4863 365 4910 est
379 4854 411 4908 ad
424 4864 503 4923 eptst.
530 4857 581 4921 ld,
598 4855 645 4909 lib.
660 4872 685 4910 ι.
702 4857 775 4915 Sunt
789 4861 860 4915 enim
882 4868 910 4916 ut
963 4878 1022 4930 cap.
1038 4866 1083 4919 ll.

95 4928 132 4981 'a
166 4936 286 4995 umento,
301 4926 341 4981 sic
354 4934 408 4979 tota
425 4928 584 4981 narrationis
599 4929 669 4983 serie
683 4929 835 4984 simillimae.
999 4933 1148 4990 ⁰Ferreoli
1171 4946 1268 5000 corpus
1290 4933 1422 5000 integrum
1447 4943 1508 4985 oum
1530 4925 1621 4997 cupite
1641 4926 1817 4993 luliauiae
1851 4917 1901 4961 ¹

94 4997 100 5014 '
182 4997 304 5053 Mamerti
328 4995 566 5067 Rogationesquae
584 4997 689 5054 Domini
714 5003 907 5056 decensionem
961 5006 1033 5074 quod
1044 5006 1079 5060 ab
1094 5005 1222 5060 drvcrnis
1232 5002 1363 5059 Viennam
1376 4999 1465 5055 laverat
1475 5000 1598 5064 allatum,
1615 4998 1813 5055 nunrtllors·

117 5069 289 5151 antecedunt,
306 5066 401 5123 imitati
413 5076 476 5150 sunt
487 5083 539 5123 uon
552 5068 639 5125 solum
654 5071 735 5125 vicini
746 5071 837 5154 populi
849 5072 908 5128 Gal·
961 5077 1076 5144 primum
1089 5074 1253 5131 adeodani
1269 5074 1356 5143 ripam
1371 5071 1481 5128 basilica
1488 5066 1751 5127 condiderattffiett

118 5141 170 5204 lte,
183 5147 213 5195 ut
225 5139 269 5196 luc
284 5137 667 5195 locusostendrteteoneilium
678 5140 904 5211 vdurclranensc,
960 5163 1067 5204 nenses.
1081 5145 1226 5202 Mamertus
1243 5145 1270 5200 lu
1285 5143 1444 5213 ampliorem
1459 5139 1602 5198 ecelesiam
1625 5152 1691 5197 ase
1706 5140 1745 5195 ibi

117 5210 306 5266 verumetiam
326 5215 432 5265 eceterae
456 5211 589 5277 nationes,
614 5221 641 5266 at
661 5228 694 5267 ue
718 5213 774 5282 ipsa
795 5215 904 5268 taudem
961 5218 1022 5275 dem
1037 5227 1218 5276 constructam
1240 5215 1388 5282 transtulit,
1409 5227 1470 5269 eum
1490 5212 1541 5268 bac
1561 5208 1764 5285 inscriptione:

118 5277 570 5347 lloma,1.eouislllauctoritate,
594 5228 742 5338 urionem
766 5284 903 5340 ritualium
1173 5330 1209 5339 ..
1281 5329 1285 5338 .
1468 5327 1473 5338 .
1615 5289 1622 5299 '

117 5350 247 5407 librorum
257 5361 390 5433 auctores.
406 5349 467 5433 idco
481 5350 599 5407 litaniam
610 5353 773 5410 Gallicanam
786 5356 904 5426 appella·
1019 5332 1114 5441 *fef-⁰⁸⁸
1123 5328 1211 5399 ΟΜ)
1222 5340 1333 5389 ⁸⁶m¹¹¹⁶⁵
1344 5326 1399 5438 ¹¹2⁰
1408 5323 1583 5437 ‘mineum'

117 5428 192 5490 runt,
206 5422 269 5495 quia
283 5437 341 5490 epus
356 5422 488 5477 institutio
501 5438 517 5478 e
531 5422 627 5494 Gallia,
643 5435 670 5480 et
685 5426 803 5482 litaniam
820 5429 905 5483 rttiuo·
1039 5402 1144 5442 ΝΜ
1154 5396 1242 5453 wne*
1253 5402 1357 5452 ⁰⁰&oe
1392 5400 1465 5439 ΜΟ
1475 5400 1526 5438 ‘¹⁰¹'

117 5506 187 5563 mm,
210 5502 267 5549 uta
290 5492 393 5562 majore
414 5492 622 5565 distinguerent,
651 5512 709 5567 quae
723 5514 759 5553 vu
781 5497 907 5554 calendas
960 5499 1022 5555 Maec
1036 5497 1183 5563 Gregorius
1204 5494 1306 5549 Turou.
1324 5495 1395 5552 lturve
1417 5491 1649 5565 quaquesidouit
1672 5493 1753 5551 lectt
1842 5490 1866 5515 ’

117 5562 180 5623 ltatt
193 5563 356 5623 celebratut-
959 5570 1055 5634 citans,
1078 5567 1113 5622 dc
1130 5566 1220 5622 Gloria
1245 5573 1392 5636 martyrum
1408 5565 1455 5621 lto.
1474 5580 1504 5633 ιι,
1528 5579 1589 5636 cap.
1604 5564 1635 5621 Ξ.
1659 5562 1755 5621 eau=
1851 5555 1874 5582 ¹

153 5639 235 5709 ⁸71
256 5634 351 5692 Facies
375 5636 511 5692 exterior:
527 5638 635 5694 ductum
655 5655 671 5694 a
695 5655 774 5696 seeua
797 5642 906 5697 theatri.
960 5648 1109 5710 martyrum
1139 5639 1242 5706 lipsana
1272 5649 1332 5707 post
1359 5637 1548 5693 saracenicam
1576 5637 1764 5709 simplior-o

116 5703 163 5765 sle
180 5722 289 5764 scenam
312 5708 433 5777 eorporis
455 5707 524 5763 dixit
542 5708 723 5767 Tertullianus
746 5712 779 5767 de
802 5712 906 5778 auiura;
959 5708 1322 5766 WilicarlusVierureusium
1348 5708 1439 5765 itidem
1464 5708 1626 5779 episcopus,
1651 5723 1722 5777 pro
1754 5734 1765 5750 .
1809 5707 1861 5736 ⁷

117 5787 225 5840 menam
237 5779 364 5849 triumphi
374 5778 519 5836 Eurueuiun
534 5781 561 5836 in
571 5785 730 5855 panegyrico
741 5783 774 5838 de
786 5783 907 5840 sellulis:
953 5783 1031 5840 'itttra
1043 5781 1135 5841 urbem
1145 5780 1244 5853 templo
1257 5779 1364 5850 locavit,
1375 5787 1405 5836 ut
1415 5779 1498 5851 refert
1506 5777 1566 5837 Ado
1575 5794 1605 5837 ιιι
1613 5776 1656 5837 cn
1682 5804 1707 5829 v·
1726 5776 1890 5837 col
