3810 6254
149 270 200 329 bii
574 271 746 332 stteuult
764 273 811 330 stt
829 269 1002 331 vtetuttblt
1023 271 1197 333 lilii-isi!
1729 262 1784 325 bi!

149 385 313 470 desolationis
322 388 650 469 speeieni,puopuouersum
661 387 735 458 lonpe
747 387 845 470 iateque
856 385 938 452 pout-
951 387 976 449 A
991 393 1079 442 exstat
1092 383 1355 468 epistola‘hnlonini
1375 380 1707 465 Constantintetepiscops,
1729 394 1783 451 out

148 459 419 582 illutibilis
432 457 939 599 illltihllliliiltilllllii
990 448 1783 596 illulhlilllhllhiiltlililiill'liliih

148 596 272 667 Capreoli
286 600 312 653 in
333 599 463 654 seruanda
475 598 535 654 idei
552 601 705 668 integritate
718 598 937 666 sollicitudiuem,
990 599 1123 654 diversam
1141 613 1200 653 csse
1212 597 1247 653 ab
1259 612 1290 653 ea
1304 613 1363 666 ossae
1375 612 1391 652 a
1402 594 1541 652 Gennadio
1557 593 1680 650 tribuitur
1691 591 1783 648 liono-

126 730 128 734 Α
148 670 225 738 cujus
239 669 379 733 epistolam
393 669 539 728 nibiluliud
553 672 700 741 spirantem
713 683 793 741 quam
804 678 832 724 ut
844 686 938 731 espur-
989 679 1048 726 rato
1061 668 1245 724 Constantino
1266 670 1404 739 episcopo,
1424 665 1576 737 suspicatus
1594 675 1636 722 εει
1651 665 1783 722 baronius

147 749 208 810 putu
227 741 353 806 nouitate,
365 741 451 811 inquit
471 740 624 800 Vinceritins
642 743 721 812 207
742 740 890 797 Lirinensis
911 741 939 799 iu
988 739 1023 795 ai
1044 754 1143 795 anuum
1157 737 1258 795 Christi
1272 740 1338 807 ιιι,
1355 746 1499 808 propterea
1512 735 1586 803 quoi
1598 735 1716 794 ineditis
1731 737 1783 793 sub

148 811 267 865 secrrnslo
287 811 509 878 commonitorio,
525 811 664 882 ιιιιίιιιὶιιιε
678 811 873 877 decideretur,
892 825 939 881 pu·
990 811 1117 867 Antonini
1136 809 1244 866 nomine
1260 810 1364 881 vulgata
1385 810 1429 864 sit.
1451 808 1524 864 idern
1549 807 1641 863 titulus
1660 808 1783 863 huberto

148 877 226 935 blicis
237 882 331 947 synodi
346 884 428 952 pestis
444 884 524 940 inseri
544 882 679 939 mandarit
693 881 808 954 Cyrillus
822 884 940 938 Alexan·
990 878 1082 938 Misero
1096 881 1184 937 liscum
1200 879 1262 936 iecit
1275 883 1302 936 io
1312 879 1457 937 eneruarto
1471 878 1632 948 scriniorum
1653 877 1783 936 ecclesis·

146 949 256 1017 drinos,
281 952 375 1023 syuoii
391 956 660 1023 praesumtionem
681 955 716 1010 ob
734 954 813 1025 iique
829 952 938 1008 bessula
989 953 1129 1016 sticoronr,
1146 952 1232 1021 capite
1252 951 1313 1018 llo,
1338 951 1383 1008 uhi
1395 956 1518 1006 recenset
1534 948 1697 1033 Antoninum
1710 948 1783 1005 Con·

147 1019 270 1088 Capreoli
301 1023 430 1079 diaconus
454 1026 523 1080 inter
554 1025 648 1080 Patres
666 1024 782 1081 concilio
807 1022 938 1079 interfuit.
989 1022 1192 1079 stantiuiensem
1211 1021 1377 1094 episcopum,
1398 1021 1442 1091 qui
1458 1021 1560 1087 scripsit
1572 1020 1706 1088 epistolum
1720 1037 1783 1075 con·

146 1090 233 1147 Aliam
245 1091 309 1149 itero
320 1094 441 1164 ejusdem
451 1093 578 1166 Capreoii
591 1097 732 1166 epistolam
744 1095 873 1151 adsersus
885 1091 938 1151 Ne·
988 1095 1137 1150 colatorium
1152 1093 1186 1147 uel
1198 1093 1337 1149 Arcadium
1350 1101 1436 1149 ustum
1449 1093 1477 1146 iu
1490 1090 1607 1148 restitum
1617 1088 1782 1147 oCesrserico

146 1164 281 1220 storianos
306 1165 340 1221 ad
364 1164 475 1222 litatem
504 1175 531 1223 et
555 1166 755 1236 Constantium,
779 1181 828 1223 seu
849 1165 939 1236 potius
992 1161 1169 1219 Veneriorum
1185 1180 1255 1236 seps,
1267 1163 1499 1234 etc.,qoasiallus
1511 1162 1628 1218 essetab
1642 1163 1783 1218 Horrurato

136 1224 318 1303 innantium,
334 1236 476 1306 Hispanos,
492 1253 508 1293 ε
522 1236 616 1295 codice
627 1253 680 1293 ms.
693 1237 849 1308 monasterii
862 1236 938 1292 lieri·
989 1250 1068 1305 quem
1082 1233 1237 1291 Gennadius
1251 1235 1277 1290 in
1293 1234 1421 1304 cretoso
1436 1243 1640 1291 commemorat.
1658 1232 1726 1287 Eum
1742 1242 1782 1288 ta·

145 1305 273 1362 vallensis
298 1316 401 1363 crutam
423 1312 528 1379 primus
555 1309 687 1379 integram
711 1308 795 1364 ediiit
822 1307 938 1364 lacobus
990 1322 1051 1362 meu
1067 1314 1193 1361 unumet
1216 1306 1341 1362 eumdem
1363 1305 1447 1362 iusisse
1463 1303 1518 1374 jam
1543 1302 1716 1359 cosiseutiunt
1731 1303 1781 1360 viri

146 1373 315 1444 Sirmontlos,
331 1393 392 1446 quse
406 1391 496 1447 postea
512 1382 610 1450 saepius
630 1392 725 1436 recissa
746 1387 798 1435 est.
818 1377 938 1450 herricus
988 1376 1097 1442 cruditi,
1110 1377 1154 1445 qui
1168 1376 1314 1432 Antoninus
1332 1376 1483 1431 Honoratus
1501 1373 1694 1445 appellabatur.
1716 1373 1783 1431 Om-

146 1443 265 1512 Copseoli
282 1462 343 1504 cuns
359 1451 440 1504 suncti
454 1451 634 1521 tholoneum
654 1449 706 1518 ipsi
724 1449 805 1506 etiarn
820 1447 937 1505 iiucco·
989 1464 1050 1504 nero
1071 1462 1136 1505 sanc
1151 1446 1290 1503 dubitandi
1304 1448 1393 1506 locum
1404 1446 1474 1503 tollit
1486 1446 1610 1516 oralionus
1622 1445 1707 1501 codes
1723 1461 1783 1500 sua-

145 1516 198 1572 tius
213 1518 273 1574 loco
283 1516 391 1576 laniato
410 1521 521 1587 tribuit,
535 1521 663 1577 memoria
679 1521 705 1576 in
720 1520 803 1576 ueteri
821 1517 937 1576 Cartba·
988 1520 1141 1588 asscriptus
1155 1518 1323 1575 bibliotheca
1337 1528 1437 1575 nostre
1448 1517 1540 1574 Sancti
1550 1517 1702 1572 Germanis
1716 1514 1782 1573 Pra-

143 1586 263 1657 pinensis
276 1590 398 1647 ecclesia
409 1591 572 1659 calendario,
628 1591 680 1648 cui.
696 1591 787 1665 riperti
797 1591 935 1658 recolitur,
989 1589 1033 1653 tis,
1044 1588 1079 1645 ab
1098 1589 1177 1645 annis
1188 1590 1297 1647 circiter
1310 1598 1418 1646 centurn
1436 1603 1517 1658 supra
1535 1586 1609 1643 mille
1623 1585 1782 1644 charactere

143 1661 213 1728 quoi
229 1658 273 1715 bic
293 1661 438 1720 observare
453 1665 539 1720 slsum
562 1672 622 1730 est,
638 1678 700 1718 cum
713 1679 769 1718 nou
782 1676 877 1718 orruncs
891 1661 935 1718 ulii
989 1659 1170 1729 ilerorinpico
1188 1675 1238 1718 seu
1250 1659 1471 1718 Franco-Gallico
1490 1657 1669 1726 conscriptus,
1683 1657 1712 1714 iu
1725 1673 1782 1730 quo

143 1729 276 1788 antistites
302 1733 327 1786 iu
346 1732 399 1789 isto
412 1734 567 1792 calendario
580 1735 709 1806 designati
720 1732 770 1791 bac
784 1733 937 1791 sanctitatis
951 1756 975 1820 Β
989 1728 1121 1788 Gennaiii
1135 1730 1278 1803 Catalopus
1286 1731 1496 1803 hieronymiano
1506 1727 1782 1811 subiungitur3atnuo

143 1808 206 1856 nom
221 1800 396 1861 honorentur.
989 1801 1017 1857 is
1032 1817 1065 1859 eo
1079 1811 1172 1858 auctor
1190 1802 1260 1860 illius
1274 1803 1309 1860 ie
1328 1819 1380 1876 qua
1392 1804 1496 1874 scimus
1508 1801 1638 1869 epistola,
1652 1814 1711 1856 siue
1725 1799 1781 1857 ulla

448 1899 562 1957 emp
578 1900 622 1956 w¹
989 1871 1048 1955 ialsi
1070 1873 1223 1944 suspicions
1254 1874 1405 1929 Honoratus
1428 1872 1572 1956 eutonium
1597 1869 1706 1953 dicitur.
1733 1870 1781 1928 Sic

190 1989 320 2047 Gesserici
335 1991 514 2047 vandolorum
526 1991 593 2063 repis
603 1992 789 2065 persecutionis
799 1992 885 2049 initio.
987 1943 1384 2082 ilsfflpfgsplploffigtneuffiiffi
1400 1941 1723 2070 wlganiistisssissiffltlizltli:
1731 1941 1781 2069 ξι-

180 2083 201 2140 i.
219 2082 286 2140 Cum
307 2085 442 2142 inclinatis
459 2086 565 2153 imperii
579 2086 658 2141 sellus
672 2086 874 2143 Valentinianus
885 2087 936 2144 ius-
986 2087 1070 2141 titotis
1081 2087 1215 2160 episeopus
1227 2089 1329 2158 scripsit
1340 2088 1375 2141 ui
1390 2085 1539 2153 meretum,
1553 2084 1597 2155 qui
1611 2099 1657 2154 pro
1673 2083 1740 2155 coni
1764 2110 1780 2125 ·

143 2168 190 2223 par
201 2164 274 2211 essct
286 2157 320 2210 ai
330 2158 542 2227 compescentes
551 2157 732 2213 isirisluruss
747 2170 869 2224 otiosius,
883 2174 935 2229 pas
985 2159 1057 2213 nous
1075 2159 1137 2228 ilici
1160 2160 1291 2214 catholice
1316 2160 1343 2213 in
1358 2157 1452 2228 ultrice
1478 2153 1593 2228 portibus
1612 2152 1780 2210 sGeuserico

141 2239 201 2280 curn
213 2225 265 2281 illis
282 2242 328 2294 per
338 2227 484 2297 Tripetium
500 2229 616 2296 legatum
631 2243 665 2285 eu
676 2236 754 2298 pacto
766 2231 866 2285 sancita
881 2239 934 2299 est,
986 2245 1044 2299 repe
1054 2230 1147 2287 ruosss
1159 2230 1304 2296 eumisiut,
1319 2227 1454 2299 epistolum
1466 2226 1604 2282 notatores
1615 2241 1662 2295 pro
1673 2222 1779 2281 Christo

101 2329 102 2332 =
140 2305 170 2350 ιιι
184 2311 235 2351 una
250 2297 347 2354 hiulce
371 2301 460 2367 por-tio
484 2299 605 2354 barbaris
628 2299 835 2370 relinqueretur,
849 2299 935 2359 altera
986 2299 1104 2370 [meaios
1129 2300 1340 2366 eoiortctorium,
1369 2308 1393 2354 st
1417 2298 1540 2368 euesrplis
1561 2294 1738 2367 presentibus,
1752 2302 1779 2352 ut

141 2367 192 2423 sub
204 2376 335 2436 potestate
351 2371 533 2425 brintanorum
548 2382 733 2436 perruauente.
749 2371 870 2427 Alteram
885 2387 934 2439 pa·
986 2370 1180 2438 Scripturorum
1193 2372 1361 2426 relationibus
1372 2370 1538 2433 roboretum
1556 2375 1579 2421 et
1591 2366 1660 2437 quoi
1675 2366 1780 2437 eunies-

140 2439 180 2494 cis
196 2438 274 2506 huius
288 2441 468 2497 corrditiouero
487 2452 619 2496 nnmorat
634 2441 779 2509 Procopius
794 2444 839 2498 lib.
864 2459 872 2496 ι
889 2443 934 2498 ilt-
984 2443 1064 2497 st'onis
1074 2442 1135 2505 ilici
1145 2445 1332 2510 perseuerantis
1344 2440 1487 2497 conscium
1500 2448 1589 2510 perpet
1600 2445 1717 2509 peccota,
1729 2437 1778 2493 sed

140 2510 231 2563 sturiae
249 2510 409 2575 isrulalicre
433 2511 504 2581 osred
518 2513 620 2567 scilicet
634 2511 796 2568 Genserlcus
814 2527 932 2571 annuum
985 2521 1009 2568 et
1021 2513 1140 2575 muitum
1151 2525 1271 2584 procuret
1281 2512 1409 2583 nrurtprs'i.
1419 2513 1457 2567 lbi
1469 2507 1779 2580 tameuproConstcntioe

142 2578 329 2634 Valentiniano
353 2583 508 2653 imperatori
528 2585 656 2637 tributum
674 2583 812 2650 penderet,
828 2585 891 2638 dato
906 2585 932 2641 ci
985 2582 1126 2652 lesensium
1144 2594 1186 2640 εει
1201 2583 1384 2649 Constantine,
1402 2582 1474 2653 quod
1497 2595 1595 2636 nornen
1616 2578 1667 2633 ista
1679 2579 1778 2635 civitas

140 2648 168 2703 in
179 2649 300 2705 obsidens
318 2652 450 2708 llunericu
463 2653 519 2707 lilio
530 2670 538 2718 3
551 2670 629 2721 onem
644 2662 732 2708 tamen
749 2653 931 2723 postmodum,
985 2653 1076 2709 babuit
1086 2670 1102 2709 a
1114 2654 1289 2711 Constantino
1302 2655 1409 2724 hagino,
1423 2669 1484 2711 cum
1497 2653 1563 2707 alias
1572 2649 1645 2733 Cirta
1654 2649 1778 2732 appella-

139 2720 243 2777 iis-mats
252 2723 322 2778 inter
334 2738 474 2794 nitrumque
484 2724 609 2791 amicitis,
622 2724 832 2780 valentinianum
841 2724 874 2780 ad
883 2740 931 2795 pa·
983 2734 1067 2780 retur.
1091 2725 1177 2781 Etiam
1201 2742 1272 2782 nrinc
1292 2727 1343 2781 sub
1358 2724 1453 2781 cudero
1468 2724 1651 2779 Constantina.
1666 2734 1779 2777 nornine

140 2799 209 2847 ιιειιι
225 2794 362 2850 remisisse
386 2796 455 2851 idern
471 2807 567 2851 assetur
587 2807 733 2851 asseverat.
754 2796 818 2851 linc
841 2797 931 2852 omnia
982 2797 1117 2852 celebrem
1132 2812 1193 2852 esse
1203 2797 1297 2853 scribit
1311 2797 1353 2852 sir
1367 2796 1401 2852 de
1416 2811 1446 2851 re
1457 2795 1585 2850 litteraria
1600 2791 1701 2862 optime
1717 2806 1779 2847 mc·

139 2874 309 2918 sacramento
320 2866 477 2921 conilrraata
493 2867 576 2922 luisse
583 2866 679 2923 scribit
693 2866 812 2922 isidorus
825 2869 850 2922 iu
860 2867 931 2924 Van·
982 2867 1051 2923 ritus
1061 2867 1201 2924 Gisbertus
1215 2868 1346 2938 Cuperus,
1361 2866 1473 2923 innotis
1486 2862 1661 2921 adlectantii
1674 2861 1777 2919 librum

140 2933 261 2989 dolorum
278 2936 355 2992 Brevi
368 2938 482 2993 ilistoriu
496 2954 548 2993 ara
563 2939 626 2994 titt.
643 2939 695 2994 Sed
709 2939 798 2994 locum
814 2947 842 2994 et
862 2948 930 2994 lem·
983 2937 1017 2994 ie
1028 2939 1158 2995 Mortibus
1172 2949 1374 3010 persecuturum
1389 2937 1423 2993 ad
1435 2952 1497 3007 cap.
1510 2935 1555 3000 iis,
1568 2934 1613 2990 ubi
1644 2933 1703 3014 ejus
1719 2932 1779 2988 ico-

138 3021 188 3076 pus
209 3006 396 3089 initiisederis
416 3010 503 3135 signat
527 3010 640 3079 Prosper
658 3009 684 3064 in
700 3008 842 3076 Chronico,
860 3009 930 3066 banc
982 3025 1043 3066 nem
1054 3013 1101 3066 aeri
1113 3012 1223 3067 incisam
1233 3012 1353 3079 cullibet,
1362 3009 1528 3078 curiosisque
1542 3004 1779 3063 obserrutmnibus

138 3091 231 3145 pacem
249 3077 368 3146 ihpponc
382 3096 409 3135 ιιι
427 3083 433 3132 ι
457 3096 486 3133 us
499 3081 636 3136 Februarii
656 3081 753 3136 iactam
767 3081 848 3136 luisse
861 3081 928 3137 scri·
981 3080 1106 3137 illustrat.

137 3147 214 3213 bons,
227 3148 422 3206 Tlieoslosroxv
437 3162 464 3206 ct
475 3151 660 3208 Valeruiniano
683 3167 709 3206 rs
723 3153 888 3221 consulibus,
903 3137 968 3212 itC
1019 3150 1046 3208 i.
1066 3154 1149 3209 Porro
1159 3152 1309 3209 Antoninus
1323 3152 1487 3208 successisse
1504 3148 1610 3204 siletur
1626 3147 1778 3204 Fortunato

136 3228 188 3284 est,
201 3233 265 3284 serso
289 3222 503 3285 urrlpnrissanuo
521 3223 585 3288 les,
601 3224 673 3294 irunt
689 3221 931 3281 etesCassiodori
984 3225 1104 3294 cjirsdcm
1119 3220 1563 3285 Constantineciuitatissnlistith
1578 3221 1623 3288 qui
1638 3217 1775 3299 arissoili

137 3287 270 3344 Chronico
286 3291 470 3347 coinfirmatur.
832 3358 836 3364 .
983 3297 1124 3352 Collationi
1135 3296 1338 3366 Carthaginensi
1349 3296 1419 3350 inter
1428 3294 1612 3348 calliolicoset
1622 3288 1777 3345 donatistas

172 3361 201 3414 θ.
218 3360 316 3416 ierunt
344 3363 366 3417 si
387 3364 459 3433 pacis
482 3363 562 3433 huius
581 3364 711 3421 benebcio
725 3365 870 3423 orthodoxi
885 3369 931 3438 qni
983 3368 1082 3423 babile
1097 3367 1226 3434 interluit,
1237 3377 1265 3421 ει
1280 3364 1524 3434 annoiltisynuio
1537 3362 1707 3417 ltilsuitaoe.
1720 3358 1776 3442 Seri

138 3432 188 3485 sub
203 3429 384 3488 Rornanorum
398 3435 500 3489 oliti-ine
514 3445 711 3501 remanserant,
731 3447 867 3508 uteunque
888 3454 932 3495 se·
982 3455 1036 3510 quio
1049 3454 1119 3494 norro
1130 3438 1156 3492 in
1167 3437 1299 3493 Cirtensis
1308 3437 1430 3493 ecclesiae
1443 3437 1568 3491 thronum
1581 3433 1774 3487 conscendent

137 3504 220 3556 curia
237 3503 411 3559 barbarorum
425 3506 569 3561 insultibus
584 3508 669 3573 inere,
686 3512 794 3575 pravior
809 3511 870 3565 tole
881 3510 929 3565 ad·
982 3511 1048 3565 mihi
1058 3508 1136 3579 plane
1149 3509 1344 3578 incompertum
1360 3517 1409 3562 cst.
1424 3506 1516 3562 Solius
1530 3505 1588 3574 ejus
1600 3500 1776 3584 epistolicae!

137 3587 232 3628 sersus
253 3573 313 3628 ilios
324 3579 370 3643 spui
387 3576 516 3631 Vasrdalis
531 3578 644 3648 subjecti
659 3581 767 3634 inerunt
782 3591 876 3636 enoria
888 3589 931 3639 est
981 3582 1124 3635 tresorum
1140 3581 1287 3634 meminere
1309 3591 1362 3633 tom
1379 3577 1543 3637 Corinthius,
1560 3583 1615 3629 turn
1638 3572 1777 3629 Honorius

136 3651 373 3714 tempestas;ouos
389 3663 485 3717 riernpe
497 3648 689 3705 Gerisericosri
706 3661 797 3718 aperta
808 3652 841 3707 si
852 3653 930 3707 hria—
981 3651 1247 3720 Arrpusloioueusis;
1260 3650 1309 3705 sed
1318 3652 1368 3706 etsi
1389 3649 1495 3704 brevior
1513 3647 1558 3708 sit,
1575 3660 1606 3700 ca
1624 3652 1777 3700 esttamen

135 3730 230 3768 norour
241 3717 363 3771 haeresim
373 3720 644 3786 pertrahercconatus
653 3730 703 3778 est.
715 3722 928 3780 l‘ersecurtonem
981 3739 1040 3793 nire
1054 3738 1103 3778 suo
1116 3721 1218 3778 airctori
1234 3722 1321 3776 locoru
1334 3723 1403 3776 iuter
1416 3717 1612 3774 ecclesiasticos
1626 3715 1776 3794 scriptores

135 3785 204 3840 banc
219 3789 304 3840 altero
325 3798 384 3858 post
407 3790 501 3846 initum
520 3791 607 3848 totius
621 3808 693 3848 anno
707 3797 847 3863 corrsipoat
862 3796 928 3851 Pro·
978 3795 1039 3866 jure
1059 3794 1155 3849 urerito
1179 3778 1343 3862 acorrisierit,
1360 3790 1431 3859 spuosl
1445 3803 1523 3843 nemo
1538 3789 1662 3869 spuicam
1677 3786 1776 3854 legerit

134 3871 198 3925 sper
205 3856 337 3914 sobAEtio
348 3875 366 3914 ιι
381 3871 407 3916 ει
418 3861 563 3933 sigisvulto
571 3865 816 3933 consulibus,auno
826 3868 929 3923 seilicet
981 3865 1153 3921 lullciabitur.
1172 3864 1219 3918 vix
1232 3865 1303 3918 onius
1318 3863 1389 3917 nliutl
1404 3861 1523 3930 repes-irc
1534 3869 1574 3912 cst
1585 3874 1611 3912 ιιι
1621 3859 1672 3912 isto
1686 3871 1776 3912 secu·

133 3926 203 3992 ior,
237 3930 280 3983 nbi
312 3930 368 3985 bec
387 3932 469 3988 habet
485 3949 492 3987 τ
510 3933 733 3991 Ceiueririsusreu
752 3935 928 3992 Verrrioloruua
981 3938 1008 3992 lo
1029 3939 1157 4004 scripturo
1172 3934 1242 4004 qsioi
1258 3935 1341 4004 stragis
1356 3933 1474 4003 priorum
1497 3940 1648 3998 temporum
1663 3941 1774 4008 serrato,

133 3999 201 4052 intro
214 3997 379 4056 habitationis
395 4020 449 4058 sou
470 4006 561 4061 iinrites
575 4007 662 4060 uolens
677 4009 830 4062 eutholienm
850 4010 928 4078 fidere
980 4008 1210 4078 apristolicuruquc
1225 4005 1344 4075 vigorem
1357 4004 1441 4073 spiret
1454 4019 1460 4054 :
1473 4016 1563 4082 quaro·
1573 3999 1641 4053 lianc
1657 3998 1774 4080 eslssbe·

132 4069 230 4123 Ariunu
247 4072 377 4139 impietate
397 4075 549 4144 subuertere,
564 4080 689 4143 russiam
711 4088 857 4133 nostrorum
872 4082 928 4149 epi·
979 4095 1009 4134 rc
1030 4080 1072 4134 bic
1087 4079 1221 4147 integrum
1236 4080 1321 4131 risum
1334 4084 1375 4131 est
1389 4081 1623 4151 operaepretium,
1649 4082 1774 4150 ιιιιιιιιιε

133 4155 222 4211 scopos
232 4151 336 4197 eotenus
346 4156 492 4214 persecutus
504 4157 551 4212 est,
566 4159 592 4201 ut
608 4164 650 4203 eos
661 4150 772 4219 priuatos
783 4153 844 4222 jure
856 4151 926 4205 iusi·
979 4150 1048 4220 quod
1061 4150 1095 4203 acl
1106 4157 1253 4219 martyrum
1266 4147 1415 4201 laniabere
1429 4142 1774 4214 persecutionrslusturraut

133 4212 241 4264 iieurunr
256 4230 361 4266 suorum
376 4217 452 4268 etium
463 4218 605 4273 ciuitatibus
616 4221 730 4288 pelleret,
742 4238 800 4275 essin
814 4221 927 4291 ipsorum
979 4224 1057 4291 plane
1073 4221 1214 4290 pertinent.

133 4284 276 4335 constantio
296 4285 375 4337 nuiiis
392 4286 567 4353 superbissimi
577 4289 644 4360 repis
664 4291 803 4343 terroribus
815 4295 923 4347 cederet.
1160 4331 1314 4383 EPISTOLA
1329 4326 1586 4382 commum·

131 4350 234 4405 llorum
249 4352 396 4408 antistitum
409 4365 463 4410 trcs
478 4369 652 4414 recensentur
666 4360 691 4413 in
706 4361 825 4414 editione
841 4362 927 4416 Chro-

131 4420 184 4476 nlci
196 4420 321 4491 Prosperi
335 4422 459 4480 Labeana
474 4438 547 4482 tonso
562 4428 570 4481 l
582 4429 755 4484 Bibliothecae
768 4444 922 4502 nosceprg.
1115 4427 1518 4466 ¹¹0t0ttttttt0t11ss00t⁵tto1l⁸
1529 4423 1632 4462 tt¹⁸G0t¹

53 4507 57 4513 ’
131 4489 178 4616 2¹0,
190 4496 592 4623 qurttofvutrartoinatinscaeteris
609 4498 807 4625 desid'effiur.
822 4500 842 4627 ἓ
859 4510 922 4559 suut
1141 4496 1317 4548 uuurrmtum
1325 4496 1430 4562 profice
1442 4497 1599 4551 monimina.

173 4577 207 4616 ⁸⁸¹
227 4578 277 4626 ιιι,
317 4579 347 4618 οι·
377 4580 436 4621 ttse
490 4583 633 4633 eoemunus,
667 4585 682 4623 ιι
741 4571 811 4627 iem
845 4572 920 4629 icon.
1144 4603 1149 4614 .
1254 4605 1257 4612 .
1306 4604 1312 4616 .

131 4641 176 4689 tur
191 4635 288 4688 ceteris
306 4633 390 4689 luisse
412 4637 543 4694 clariores.
558 4584 672 4707 bisinam
688 4656 753 4696 vero
768 4640 868 4699 inerint
883 4645 921 4701 illi
1014 4602 1094 4668 (ΗΜ
1110 4602 1240 4668 ⁰⁹¹⁸²⁰¹⁸m
1255 4602 1368 4655 mmm
1379 4602 1473 4656 pm·
1486 4606 1545 4654 ²⁰⁰¹·
1557 4601 1586 4662 ι’
1598 4599 1644 4652 ⁶⁰¹·
1654 4597 1730 4662 m)

130 4702 397 4776 praesensionum
406 4721 459 4763 nou
471 4708 544 4765 iicet.
555 4710 684 4767 celebres
694 4721 758 4769 tunc
768 4711 843 4770 iocre
856 4713 922 4771 Pos-
1009 4716 1090 4786 212
1105 4711 1131 4766 5.
1149 4710 1195 4767 llis
1211 4710 1342 4767 Honorati
1358 4711 1454 4766 litteris
1467 4712 1599 4766 excitatus
1612 4706 1772 4779 Arcadios,

130 4773 216 4832 sidius
228 4773 395 4832 Calarnensis
406 4776 433 4832 io
442 4777 566 4837 Numidia
581 4782 705 4850 antistes,
718 4783 753 4841 ob
767 4787 848 4840 ritant
861 4798 923 4842 san-
993 4786 1122 4842 ioiiosunr
1137 4795 1261 4852 agonem,
1275 4794 1355 4854 qinein
1379 4797 1429 4852 pro
1450 4781 1503 4836 lide
1524 4778 1676 4837 orthodoxa
1689 4793 1773 4836 essu·

131 4847 168 4902 cti
183 4847 323 4918 Augustini
336 4847 371 4902 ab
383 4862 417 4904 eo
429 4849 528 4905 editam
544 4849 645 4909 nemini
663 4855 780 4925 ignotus,
796 4864 823 4912 ct
836 4857 925 4913 liora·
974 4801 1096 4927 iausjsm
1111 4853 1269 4924 incoeperat,
1284 4853 1403 4923 pretioso
1412 4855 1465 4908 llus
1477 4850 1685 4907 consummarit.
1700 4851 1773 4908 con·

131 4916 333 4982 tus-Sithensis
347 4918 923 4999 iuhlauritaniacognomineepiscopus,qui
977 4927 1086 4998 tcmptis
1107 4939 1204 4995 nempe
1223 4923 1320 4996 quibus
1333 4923 1460 4979 sibuebst
1482 4922 1635 4992 ingentibus
1648 4919 1772 4990 divitiis,

131 4986 273 5043 Collationi
295 4988 497 5061 Carthaginensi
516 4993 543 5048 in
565 5009 647 5052 causa
661 4994 858 5054 bonatistamrn
875 4998 923 5054 ad·
977 4999 1169 5070 rejectoqueea
1181 5009 1241 5067 quse
1255 4995 1307 5064 ipsi
1317 4993 1491 5061 oiierebatnr,
1507 5003 1533 5049 et
1544 5007 1597 5062 qua
1607 4991 1676 5047 adeo
1691 5000 1772 5052 sntes

131 5057 249 5123 inerant,
264 5067 292 5114 ει
305 5059 421 5116 concilio
434 5059 639 5135 Carthaginensi
653 5065 782 5124 adsersus
802 5069 924 5139 Pelagia-
975 5071 1107 5138 caluerat,
1122 5068 1195 5137 repis
1215 5065 1343 5132 amicitia,
1368 5067 1422 5120 imo
1443 5074 1471 5120 ει
1495 5079 1544 5133 pro
1567 5063 1651 5118 nihilo
1666 5062 1773 5120 ducens

132 5143 180 5184 ¹¹⁰⁸
194 5126 744 5221 ει’1),ᾸΞΙΙὮῙῘοθιὶὓιθιιιιειιῐιειιίιιιειιιιι.
765 5137 845 5197 Certe
868 5139 922 5197 lio-
975 5140 1098 5211 conjugis
1114 5139 1251 5204 affectum,
1267 5145 1329 5207 post
1341 5144 1466 5206 sirperata
1481 5134 1542 5189 lorti
1558 5137 1648 5189 anison
1661 5133 1773 5192 diserta

130 5198 389 5281 sstumvsrtrieusem
411 5203 499 5259 adbuc
518 5216 690 5277 superstitem
706 5209 788 5267 tuisse
804 5211 854 5268 sub
869 5212 923 5267 hu·
976 5219 1170 5267 tormentorum
1185 5207 1405 5278 praesusumus
1418 5207 1477 5277 eins
1491 5204 1643 5260 constantia
1666 5211 1773 5263 tentsts

147 5280 228 5325 ustinr
247 5280 309 5352 vste
330 5270 410 5328 linem
425 5290 458 5330 er
480 5273 601 5344 eiusdem
621 5280 708 5335 sancti
729 5281 781 5337 siri
808 5281 921 5354 epistula
975 5281 1160 5353 tutugloriosa
1173 5277 1282 5333 tandem
1298 5287 1387 5334 morte
1400 5292 1449 5349 pro
1458 5275 1566 5333 Christo
1579 5274 1684 5330 illustre
1696 5288 1773 5331 mar.

166 5339 227 5397 iad
243 5338 352 5396 barium
365 5345 493 5400 comitem
501 5349 623 5415 superius
639 5349 743 5406 laudata
754 5364 856 5410 certum
867 5361 920 5410 εει.
974 5354 1072 5424 tyrium
1084 5349 1227 5421 comples-it
1239 5362 1300 5404 curu
1314 5348 1401 5404 tribus
1414 5345 1473 5403 aliis
1489 5349 1545 5402 suis
1558 5343 1772 5412 contribulibus,

166 5412 247 5485 208
266 5410 293 5471 tt.
324 5414 357 5467 tt
380 5429 443 5470 sero
456 5430 510 5473 non
532 5419 620 5474 solum
640 5419 769 5478 adversos
781 5426 921 5495 episcopos
976 5434 1004 5479 ut
1016 5424 1100 5479 reiert
1113 5422 1230 5490 Prosper
1244 5419 1270 5472 ln
1285 5418 1420 5476 Chronico
1446 5418 1488 5473 his
1502 5417 1602 5474 uerbis.
1620 5413 1696 5470 AEtio
1711 5430 1730 5470 ιι
1746 5424 1773 5471 ει
1799 5426 1803 5449 ·

129 5484 199 5539 banc
210 5486 423 5553 persecutionem
430 5496 590 5544 coniunctam
603 5491 684 5547 luisse
694 5502 766 5563 patet
777 5509 808 5549 cu
821 5496 852 5550 iis
861 5508 921 5567 quse
976 5492 1119 5567 Sipisoulto
1133 5489 1290 5555 consulibus,
1301 5487 1328 5544 id
1341 5497 1391 5555 est,
1402 5489 1549 5545 secundum
1561 5496 1683 5542 nostrum
1694 5500 1774 5541 cons·
1783 5454 1803 5597 J

129 5554 200 5621 idem
223 5553 340 5627 Prosper
365 5556 399 5611 de
422 5557 538 5614 arcoilo
560 5561 670 5633 ejusque
681 5563 760 5618 sociis
773 5565 920 5636 subjungis,
995 5564 1085 5621 utaudi
1101 5563 1222 5626 modum,
1235 5573 1307 5615 anno
1325 5561 1389 5628 437,
1405 5578 1450 5631 per
1461 5561 1531 5616 idem
1550 5566 1797 5628 tempusquutuosr

129 5640 196 5698 otrus
223 5625 336 5681 dirersis
370 5631 455 5695 poeiris
479 5633 628 5700 exagitatos
657 5634 786 5707 martyrio
813 5639 920 5693 tandem
1005 5637 1089 5711 ispani
1100 5634 1160 5701 oiri,
1180 5630 1453 5697 llrcadius,Probus,
1470 5630 1670 5686 Pasclrasiuset
1684 5627 1773 5700 Euty-

129 5696 247 5770 glorioso
260 5699 341 5751 ritum
356 5697 456 5754 irruisse
471 5699 541 5757 olem
561 5712 655 5759 auctor
679 5714 801 5762 testatur.
824 5708 848 5764 ls
863 5710 921 5779 ipse
976 5710 1097 5773 chianos,
1114 5705 1213 5760 dueum
1227 5702 1296 5772 opud
1309 5701 1474 5757 uersuum
1488 5703 1577 5756 sumito
1592 5699 1725 5769 sapientie
1739 5715 1773 5753 us

129 5778 171 5831 etl
181 5767 321 5838 Arcadius,
337 5769 368 5824 ad
384 5786 461 5850 ςιιιιι
472 5788 523 5842 pro
533 5773 744 5835 bdeorthoiose
754 5781 920 5845 cistulautent
972 5778 1060 5848 sitietis
1082 5774 1195 5853 obsequii
1216 5773 1270 5831 curi
1289 5773 1402 5853 elusione
1419 5773 1589 5839 helebertum
1601 5786 1666 5848 euos
1680 5784 1728 5828 ree
1742 5777 1773 5837 ut
1803 5790 1809 5801 ’
