3810 6254
757 371 760 378 ζ
878 307 1122 370 noceoonnm.
1755 328 1788 383 tt

188 419 1786 464 ----—-—---—--.--.—„„.-..·

920 513 1048 589 VITA
1781 510 1784 516 ’

558 660 615 773 S.
664 661 930 775 SIDONH
973 655 1428 781 APOLLINARIS

795 835 993 888 tstttttottno
1009 837 1191 892 Aboubt'rt.

872 966 1113 984 *—

210 1055 349 1112 Sidonium
361 1052 531 1114 nobilissimo
550 1051 620 1105 inter
638 1049 730 1104 Gallos
743 1061 853 1118 genere,
868 1063 900 1104 ac
913 1064 960 1119 pa·
974 1052 1000 1112 A
1014 1052 1058 1106 diu
1078 1062 1166 1107 tamen
1191 1061 1283 1123 postea
1298 1063 1450 1124 superstes,
1473 1058 1627 1124 Aprunculo
1645 1073 1785 1117 successor

174 1155 216 1203 tre
224 1159 328 1217 litoque
337 1141 472 1213 pl'aeiectis
492 1140 621 1212 praeltlt'io
631 1138 777 1195 Galliarum
792 1147 882 1193 llatllnt
899 1153 963 1194 colt-
1015 1160 1068 1200 non
1079 1146 1138 1202 sine
1152 1146 1242 1202 divina
1254 1149 1434 1216 praesensione
1445 1148 1595 1219 designato,
1611 1153 1644 1207 gd
1657 1154 1719 1209 qoeli
1731 1169 1799 1223 μη).

174 1247 236 1295 stat.
252 1237 292 1293 tie
305 1234 391 1306 petria
401 1247 463 1290 eum
472 1232 517 1288 alii
528 1231 633 1287 diversa
646 1228 772 1297 sentiant,
786 1229 844 1299 ipse
857 1229 962 1299 Lugdu·
1014 1235 1067 1290 mia
1077 1236 1236 1293 evolavitxu
1246 1239 1372 1293 calendas
1386 1238 1560 1309 Septembris.
1572 1241 1622 1309 Qui
1633 1242 1690 1299 dies
1701 1246 1797 1300 exindo

173 1336 283 1385 n‘ensem
297 1341 394 1384 senon
415 1324 500 1381 semel
511 1339 561 1381 neo
580 1322 702 1379 obscuris
714 1321 804 1378 verbis
816 1321 959 1392 signifieat.
1013 1328 1203 1383 anniversariae
1218 1329 1301 1398 ipsius
1317 1330 1455 1386 memoriae
1466 1333 1537 1402 apud
1548 1333 1685 1390 Arvernos
1696 1336 1799 1392 dlcatus

172 1419 225 1476 Sed
238 1419 332 1475 crebra
347 1417 375 1473 in
396 1416 456 1486 ejus
468 1414 545 1470 libris
563 1414 747 1471 Arvernorum
763 1413 874 1480 mentio,
889 1413 960 1483 apud
1013 1427 1065 1485 est,
1081 1426 1111 1474 et
1131 1419 1234 1474 tumulo
1247 1420 1392 1492 inscriptos
1405 1438 1467 1478 euru
1480 1425 1626 1494 epitaphio.
1640 1427 1751 1483 Liberos
1764 1443 1797 1483 ex

173 1526 239 1582 qnos
262 1509 404 1581 conjugem
427 1507 546 1577 primurn
568 1504 641 1560 Aviti
656 1506 722 1574 imp.
743 1503 837 1572 tiliam,
861 1504 960 1560 deinde
1013 1510 1163 1580 Papianilla
1176 1511 1290 1583 continge
1311 1522 1373 1569 ante
1394 1517 1576 1586 episcopatum
1596 1528 1736 1588 susceptos
1754 1534 1797 1575 re-

173 1601 325 1659 catbedrant
346 1598 526 1671 episcopalem
547 1598 659 1653 sortitus
681 1606 733 1663 est,
748 1596 886 1652 nonnullis
908 1612 959 1652 an·
1013 1602 1424 1673 tiquitApollinaremtilium,et
1437 1607 1561 1664 Rosciam
1576 1622 1608 1664 ao
1621 1609 1793 1666 Seuerianam

172 1710 229 1750 sam
239 1693 314 1751 dedit
324 1702 355 1749 ut
368 1693 517 1748 Arvernum
532 1692 743 1760 suspicarentur.
756 1690 877 1762 Lugduni
894 1705 959 1760 ergo
1011 1694 1088 1751 tiliae.
1101 1696 1200 1763 ingenii
1216 1712 1279 1752 uero
1289 1699 1462 1766 monimenta,
1477 1703 1595 1771 quamvis
1609 1702 1660 1758 alia
1678 1703 1792 1772 plurimu

172 1793 262 1855 natus,
278 1792 359 1855 atque
373 1783 491 1852 optimis,
506 1782 601 1852 quibus
616 1790 671 1837 tum
685 1783 773 1838 adlruc
789 1782 888 1838 retorta
900 1792 959 1840 erat
1010 1787 1157 1856 scripserit,
1182 1786 1239 1844 bec
1262 1800 1318 1844 sota
1343 1806 1402 1860 qnae
1424 1800 1526 1848 restant
1541 1793 1637 1862 publici
1650 1794 1719 1863 iuris
1734 1810 1794 1852 esse

171 1877 270 1945 Gallio,
282 1875 433 1933 liberalium
447 1874 545 1936 artium
564 1888 630 1930 usus
643 1874 790 1944 magistris,
809 1875 879 1932 inter
891 1891 959 1946 quos
1010 1879 1106 1934 votuit.
1118 1878 1255 1950 inquibus
1268 1896 1345 1949 sono,
1360 1897 1409 1938 seu
1419 1894 1505 1939 metro
1519 1883 1625 1951 ulrretis,
1638 1899 1686 1941 son
1701 1887 1794 1942 liberis

170 1967 286 2024 Ennium
298 1967 326 2023 in
342 1965 466 2038 poeticis,
478 1965 622 2020 Eusebium
638 1965 666 2019 in
677 1964 870 2035 philosophicis
883 1981 959 2024 oont-
1010 1970 1159 2039 resolutis,
1171 1971 1228 2027 siro
1243 1983 1335 2029 narret
1358 1983 1404 2030 aut
1428 1975 1550 2043 suadeat,
1566 1975 1623 2032 sive
1644 1977 1733 2034 laudet
1745 1988 1792 2034 aut

170 2065 315 2129 memorat,
334 2073 397 2114 eam
413 2057 441 2112 in
455 2057 580 2113 omnibns
594 2067 690 2114 natura
699 2067 727 2114 et
741 2059 831 2115 studio
852 2059 957 2117 landem
1009 2061 1153 2141 vituperet,
1169 2070 1196 2119 et
1210 2064 1388 2135 quodcunque
1410 2074 1595 2135 argumentum
1618 2075 1730 2134 tractet,
1745 2082 1794 2138 par

169 2155 211 2204 est
233 2155 407 2215 consecutus,
424 2155 453 2204 ut
472 2147 645 2203 eruditorum
666 2148 708 2203 sui
730 2149 779 2204 aevi
793 2150 883 2221 (quod
902 2149 959 2207 lla'·
1009 2154 1172 2210 inomnibns
1186 2154 1299 2210 lelicitas
1316 2165 1344 2211 et
1361 2156 1449 2224 copia,
1473 2165 1554 2226 atque
1575 2171 1607 2212 ea
1622 2165 1678 2213 tum
1698 2160 1793 2216 aerbo·

169 2240 247 2295 urerti
267 2236 407 2295 Claudiani
421 2238 456 2293 de
470 2237 529 2306 ipso
542 2238 629 2308 elogia
645 2238 757 2307 docent)
777 2240 957 2310 peritissimus
1008 2253 1084 2311 rum,
1108 2253 1163 2300 tum
1186 2247 1380 2301 sententiarum
1393 2246 1521 2311 varietas,
1534 2255 1565 2302 ut
1576 2249 1644 2302 mira
1663 2248 1690 2303 in
1705 2264 1737 2306 eo
1750 2251 1792 2305 ris

169 2343 202 2384 sc
222 2329 415 2386 disertissimus
430 2327 588 2384 baberetur.¹
609 2328 725 2385 Poeticae
740 2332 872 2401 imprimis
885 2333 955 2388 tanta
1007 2339 1108 2409 ingenii
1122 2346 1150 2393 et
1163 2340 1323 2395 abnndantia
1341 2341 1464 2409 quaedam
1483 2340 1614 2397 doctrine
1627 2345 1717 2398 statim
1733 2343 1790 2399 elu-

168 2420 268 2485 claros,
293 2435 355 2506 uon
371 2420 457 2477 solum
481 2421 552 2491 apud
578 2422 695 2491 aequales
722 2423 835 2490 amicos,
862 2441 954 2481 vcrnm
971 2428 1079 2488 Boeat.
1095 2431 1152 2497 Qua
1169 2432 1264 2501 opinor
1281 2432 1362 2487 tiebat
1378 2439 1408 2486 nt
1421 2431 1509 2487 doctis
1522 2433 1603 2487 etiarn
1629 2435 1716 2490 aetatis
1736 2449 1791 2490 snas

168 2513 247 2568 etiam
266 2512 337 2582 apud
361 2513 495 2581 principes
514 2514 587 2583 ipsos
611 2514 637 2568 in
659 2515 745 2582 pretio
760 2516 818 2570 tuit.
835 2517 952 2584 Quorum
1007 2523 1178 2587 hominibus,
1204 2522 1276 2578 uelut
1300 2522 1408 2578 Ruricio
1432 2523 1627 2590 Lemouieensi,
1652 2526 1792 2581 obscurior

168 2611 281 2666 alterum
306 2609 445 2665 declarant
470 2610 588 2664 omniurn
613 2623 740 2680 generum
765 2612 953 2680 epigrammata
1006 2623 1085 2683 atque
1100 2614 1247 2682 interprete
1269 2628 1349 2681 egere
1370 2613 1547 2684 judicaretur.
1560 2614 1652 2685 Neque
1677 2629 1743 2670 uero
1764 2617 1790 2671 in

167 2714 191 2759 et
205 2704 338 2767 carrrrina,
351 2717 411 2772 quac
431 2701 578 2756 amicornm
602 2709 695 2771 rogatu
720 2703 801 2757 variis
816 2703 851 2778 de
873 2705 953 2759 rebus
1006 2705 1039 2761 iis
1063 2713 1165 2760 tantum
1183 2720 1243 2772 quse
1257 2707 1384 2760 attentius
1402 2706 1582 2761 meditabatur
1595 2715 1623 2761 et
1636 2707 1791 2764 elaborabat

168 2794 363 2851 officiosissime
381 2794 504 2862 scripsit;
520 2794 635 2848 alterum
648 2803 702 2848 tres
716 2795 880 2866 panegyrici,
895 2797 955 2865 qui·
1004 2803 1121 2866 quantus
1137 2805 1208 2853 esset
1219 2794 1347 2863 ostendit,
1362 2796 1410 2851 sed
1425 2796 1451 2850 in
1468 2798 1693 2865 extemporaiibus
1707 2799 1788 2854 etiam

168 2888 216 2943 bus
237 2887 346 2943 Avitum
368 2900 502 2952 socerum,
525 2886 712 2957 ilajoriarmnr,
733 2895 760 2942 et
782 2888 953 2943 Anthemium
1004 2887 1207 2956 repentinisque
1217 2885 1539 2954 scriptionibusQnarum
1549 2888 1652 2943 illitam
1667 2896 1788 2959 prompta

168 2979 301 3048 Augustos
312 2976 419 3046 publice
430 2976 559 3043 laudarit,
574 2976 823 3044 benevmenuaequo
836 2980 955 3049 asingu·
1003 2977 1117 3037 laeuttas
1133 2983 1202 3039 erat,
1220 2982 1251 3029 ut
1272 2989 1327 3030 non
1340 2977 1470 3045 pauculos
1483 2977 1613 3032 duntaxat
1626 2992 1720 3035 versus
1735 2993 1788 3034 non

167 3070 198 3123 tis
213 3067 329 3124 inactum
340 3065 414 3123 tulit.
427 3065 495 3123 liam
505 3075 532 3122 et
545 3066 639 3123 Romae
649 3075 764 3122 statuam
777 3071 847 3124 iuter
856 3079 952 3140 poetas
1003 3067 1148 3124 cucullatos
1172 3060 1296 3123 tunderet
1316 3083 1333 3123 e
1351 3067 1477 3138 uestigio,
1491 3069 1568 3136 quale
1583 3068 1630 3126 tuit
1644 3070 1786 3127 distichum
1843 3085 1872 3121 .-

167 3164 216 3219 mb
239 3163 319 3220 Avito
340 3161 433 3221 intori
448 3161 557 3231 'trojani
579 3162 741 3219 bibliotheca
764 3162 871 3227 meruit,
886 3173 954 3221 eta
1002 3174 1057 3231 quo
1070 3161 1179 3232 Satyra
1202 3157 1362 3213 calumniam
1383 3158 1541 3229 deprecatus
1562 3168 1604 3215 est
1617 3160 1686 3230 apud
1702 3161 1786 3232 ltajo·

167 3254 391 3325 blajoriano,cum
401 3255 537 3313 circenses
550 3255 627 3311 daret
637 3255 756 3322 Arelate,
772 3257 883 3312 solemni
894 3257 953 3326 eins
1003 3251 1121 3318 rituum.
1142 3259 1169 3308 θῑ
1184 3253 1297 3308 atterum
1312 3250 1476 3321 reciprocum
1490 3266 1544 3322 (1¹¹⁰
1559 3252 1623 3308 lusit
1636 3253 1665 3309 in
1683 3263 1786 3310 torren-

166 3346 247 3416 epnio
259 3347 330 3402 inter
340 3345 485 3403 honoratos
495 3346 631 3402 adhibitus
645 3353 698 3413 est,
711 3356 791 3416 atque
807 3362 822 3400 a
836 3347 951 3419 Satyrae,
973 3347 977 3353 '
1004 3349 1069 3407 lem,
1083 3350 1130 3396 attt
1146 3343 1332 3399 tetrastichon]
1353 3342 1425 3413 quod
1445 3342 1471 3397 itt
1494 3342 1644 3399 Philomelii
1671 3345 1786 3415 gretiam

166 3438 241 3508 cujus
255 3437 473 3503 insimulabatur,
485 3437 584 3493 inuidia
606 3437 739 3508 singulari
757 3437 881 3508 exemplo
894 3437 953 3494 vin·
1002 3431 1174 3500 composuit;
1192 3431 1238 3486 sed
1262 3431 1334 3501 iusta
1359 3432 1492 3487 interdum
1520 3441 1632 3504 utroque
1658 3435 1788 3492 orationis

166 3527 280 3584 dicatus.
289 3526 332 3583 Ab
346 3527 490 3583 Anthemio
503 3527 629 3597 denique,
637 3527 951 3597 postcomitiramalias·
1002 3537 1100 3593 genere
1113 3523 1240 3593 opuscola
1256 3523 1313 3593 pari
1326 3523 1466 3579 celeritate
1480 3533 1641 3593 perrexerat.
1650 3525 1787 3595 Ejrrsmorli

166 3633 214 3687 quo
227 3616 326 3688 quibus
335 3626 446 3672 ornatus
457 3625 535 3673 autea
547 3617 634 3672 tuerat
646 3615 799 3687 dignitates,
809 3616 951 3686 protectus
1004 3619 1075 3674 enirn
1100 3616 1258 3673 tuitconcio
1285 3616 1471 3687 bituricensis,
1499 3633 1577 3687 quarn
1600 3619 1692 3688 paucis
1714 3619 1788 3675 boris

167 3706 228 3764 llrbi
241 3717 360 3774 creatus,
375 3716 455 3778 atque
469 3709 609 3777 patricius,
626 3708 753 3764 lamiliam
769 3723 857 3774 suam,
871 3723 949 3778 quam
1002 3708 1124 3773 dictavit,
1139 3717 1167 3762 et
1181 3708 1407 3764 Anacreonticnm
1417 3723 1537 3775 carmen,
1549 3710 1619 3778 qnod
1631 3710 1787 3781 burdegale

166 3799 356 3865 protectoriam
369 3812 385 3852 a
399 3798 544 3868 maioribus
558 3807 711 3866 acceperat,
731 3800 849 3855 reddidit
865 3801 948 3869 patri·
963 3797 986 3860 C
1002 3799 1027 3854 in
1044 3798 1116 3854 Petri
1132 3799 1228 3852 tibrum
1249 3799 1369 3867 magistri
1392 3799 1563 3868 epistolarum
1589 3800 1677 3856 subito
1697 3798 1786 3872 prute-

166 3894 241 3949 cianr.
267 3893 322 3950 ileo
344 3893 430 3949 multo
453 3903 514 3962 post
539 3892 664 3950 detuncto
688 3893 869 3949 Arvernorum
894 3895 950 3962 epi·
1002 3905 1075 3956 rens,
1089 3905 1150 3946 cum
1165 3891 1270 3946 oxirtriis
1290 3889 1361 3945 itlius
1376 3891 1465 3945 saeculi
1480 3892 1566 3960 poetis
1580 3892 1722 3959 llonumln,
1738 3893 1786 3950 Se·

164 3999 244 4054 scopn
265 3984 409 4054 Eparcbio,
424 3983 452 4040 in
478 3985 537 4054 eius
559 3984 657 4048 locum,
673 3984 794 4053 quamuis
819 3984 947 4047 renitens,
1000 3983 1111 4039 seriano
1138 3993 1218 4053 atque
1237 3981 1392 4052 Lampridio
1407 3981 1567 4037 decertavit.
1581 3984 1633 4039 Sed
1649 4000 1783 4052 nurrquam
1811 4043 1817 4055 ‚

164 4084 189 4129 et
210 4075 328 4131 nondum
360 4075 493 4143 ctericus,
515 4074 645 4131 sullectus
671 4082 722 4132 est.
743 4074 820 4140 Qurtd
850 4078 948 4130 mortus
1000 4076 1065 4147 quid
1080 4076 1107 4129 in
1122 4075 1174 4130 boc
1187 4089 1285 4144 genere
1300 4081 1390 4142 posset
1408 4074 1507 4129 clarius
1522 4075 1708 4146 enituitquant
1723 4092 1782 4133 curn

163 4167 337 4224 samaraeum
363 4168 495 4224 modestia
515 4175 680 4236 susceptum,
696 4167 753 4238 pari
768 4182 828 4220 curn
847 4165 948 4220 saneti·
999 4168 1137 4224 subtracto
1150 4166 1213 4233 sibi,
1228 4173 1259 4219 ut
1272 4165 1392 4235 cstapud
1414 4164 1569 4233 Gregoriurn
1585 4167 1783 4234 turonensem,

164 4270 215 4317 tate
228 4274 261 4315 ae
279 4258 424 4327 vigilantia,
448 4257 639 4314 turbidissimis
662 4255 839 4327 temporibus.
860 4255 947 4310 mari·
1000 4259 1071 4315 inter
1096 4273 1171 4314 sacra
1191 4257 1281 4313 libello
1296 4272 1328 4313 er
1343 4272 1396 4324 quo
1412 4257 1525 4312 recitare
1539 4268 1725 4324 consueverat,
1742 4268 1784 4316 to-

163 4368 270 4424 masque
285 4354 354 4409 inter
368 4350 542 4407 ditticnltates
556 4360 611 4406 tum
625 4351 741 4420 priuatas
757 4357 813 4404 turn
829 4348 948 4418 publicas
1000 4361 1053 4406 tam
1069 4350 1244 4406 nibilominus
1264 4348 1437 4404 dicendorum
1451 4348 1549 4404 seriem
1561 4350 1682 4419 apposite
1695 4365 1728 4406 ac
1742 4351 1782 4406 iu·

162 4444 364 4500 administrarit.
393 4442 512 4498 Primum
536 4441 608 4497 enim
631 4440 750 4497 obsessis
779 4454 827 4510 per
846 4438 948 4496 Gothos
998 4443 1120 4499 colenter
1134 4443 1272 4510 explicuit.
1282 4440 1415 4497 Caeterum
1431 4455 1491 4495 cnm
1503 4440 1564 4497 talis
1576 4443 1649 4497 omni
1660 4457 1694 4498 ott
1708 4451 1783 4512 parte

161 4537 299 4600 Arvernis,
320 4534 431 4590 olorinae
454 4533 647 4602 acerrimaeque
665 4530 872 4602 oppugnationis
890 4545 948 4585 tuo-
999 4544 1141 4606 tantusque
1156 4541 1228 4590 esset
1250 4532 1389 4596 Sidonius,
1413 4533 1524 4603 ejusque
1546 4534 1644 4603 scripta
1659 4535 1782 4590 omnibns
1846 4550 1856 4559 “

161 4625 251 4681 testim
266 4624 390 4695 pertulit;
405 4623 503 4680 deinde
519 4623 629 4679 redacto
642 4637 678 4677 ex
690 4623 796 4690 nepotis
809 4608 881 4693 Aug.
898 4622 947 4679 loe·
998 4626 1110 4682 miritice
1126 4625 1320 4692 probarentur,
1334 4625 1392 4693 ipse
1407 4638 1475 4679 unus
1488 4624 1522 4679 de
1542 4639 1572 4679 se
1592 4625 1697 4681 modice
1720 4642 1780 4682 sen·

159 4717 261 4774 demin
275 4717 392 4773 bostium
407 4724 569 4787 potestatem
581 4715 686 4784 oppido,
701 4716 736 4769 ab
751 4714 792 4770 bis
808 4730 858 4785 per
871 4715 946 4785 lega·
999 4719 1049 4774 tire
1072 4732 1103 4771 ac
1117 4732 1210 4785 parum
1232 4715 1285 4771 sibi
1306 4729 1494 4785 usquequaque
1506 4716 1662 4773 satisfacere
1675 4719 1781 4774 videba-

160 4808 236 4863 tiouis
249 4808 367 4877 speciem
384 4807 519 4877 relegatus
531 4805 683 4876 aliquandiu
698 4806 823 4861 exsulare
836 4813 945 4861 coaetus
997 4819 1050 4865 tur.
1072 4808 1162 4877 ltaque
1174 4815 1204 4862 ct
1223 4808 1317 4876 multa,
1339 4816 1368 4861 nt
1383 4807 1482 4862 dictum
1504 4817 1555 4874 est,
1572 4811 1731 4880 suppressit,
1754 4824 1781 4868 et

159 4905 208 4951 est.
222 4896 292 4952 Tum
307 4897 363 4951 suis
378 4897 485 4953 tandem
500 4894 704 4960 redditus,enm
718 4896 744 4951 in
760 4893 840 4950 olbcii
853 4910 944 4952 euram
996 4900 1117 4972 quaedam
1132 4899 1257 4966 adorsus,
1272 4908 1301 4953 nt
1315 4898 1404 4954 Attilae
1422 4899 1535 4966 bellum,
1549 4903 1638 4971 operis
1653 4910 1782 4971 pertaesus

160 4989 290 5065 intentus,
304 4990 404 5044 nnllam
422 4991 493 5045 inter
505 4988 636 5045 barbaros
650 4988 746 5056 optimi
759 4988 874 5059 pastoris
886 5004 945 5057 par·
996 4991 1106 5060 abjecit.
1116 4987 1259 5044 Historiam
1275 4998 1402 5057 praeterea
1418 4991 1459 5043 sni
1473 4992 1601 5059 temporis
1610 4998 1640 5045 ut
1650 4992 1779 5047 scriberet

130 5091 209 5138 tem
223 5084 371 5149 omitteret,
391 5097 424 5138 ae
446 5082 573 5152 singulari
598 5082 624 5135 in
648 5094 742 5135 omues
767 5080 941 5151 benignitate,
997 5083 1125 5136 hortante
1136 5080 1238 5148 Leone,
1256 5081 1346 5136 Euripi
1359 5083 1429 5152 regis
1440 5082 1781 5149 consiliariodetreetauit,

114 5176 289 5244 Draeeipua
304 5176 330 5229 in
344 5189 443 5245 egenos
466 5173 663 5240 munificentia,
678 5173 812 5228 neminem
832 5173 890 5241 ipse
903 5174 941 5228 la-
957 5159 983 5217 l)
998 5186 1058 5227 curn
1083 5170 1186 5226 diceret
1209 5170 1326 5226 historiae
1350 5170 1499 5226 scribendae
1522 5172 1664 5229 consilium
1685 5174 1783 5230 clerico

99 5274 283 5332 memoret,
307 5268 464 5322 emulorum
489 5275 591 5333 tamem
602 5275 632 5320 nt
652 5277 711 5319 mos
729 5272 780 5330 est,
798 5265 824 5319 in
839 5278 868 5319 se
882 5264 941 5319 odia
997 5264 1108 5319 minime
1121 5263 1276 5317 convenire.
1293 5264 1381 5333 Atque
1395 5263 1452 5319 bace
1465 5264 1523 5320 tere
1535 5267 1783 5340 omnio,multoqoe

88 5359 320 5414 Qoncitauit:
342 5360 456 5416 duorum
480 5359 609 5415 videlicet
630 5359 871 5430 presbyterorum,
897 5360 940 5427 qui
995 5360 1076 5416 etiam
1090 5357 1167 5427 plora
1178 5355 1212 5411 de
1223 5355 1334 5411 Sidonio
1344 5356 1448 5411 discere
1463 5357 1526 5413 licet
1537 5374 1570 5413 er
1582 5360 1646 5428 ipsis
1657 5361 1781 5430 operibus

88 5450 364 5507 aniiloolesinc
378 5465 434 5506 suae
446 5458 579 5520 potestate
596 5465 644 5520 per
656 5466 788 5505 summam
803 5460 942 5505 contume-
996 5449 1159 5506 sidonianis.
1187 5447 1289 5502 Colitur
1302 5456 1391 5503 autem
1417 5448 1486 5517 apud
1511 5452 1659 5517 Arvernos,
1675 5460 1704 5504 nt
1726 5449 1779 5519 jam

104 5525 136 5581 Ι
150 5536 215 5592 iam
231 5550 352 5608 erutum,
374 5543 399 5595 in
415 5542 547 5597 maximas
560 5556 652 5597 rerunt
667 5541 785 5596 omnium
803 5541 941 5610 angustias
995 5555 1101 5612 quoque
1114 5539 1278 5602 monuimus,
1293 5549 1363 5595 stato
1384 5540 1427 5596 die
1444 5542 1552 5611 rituque
1566 5551 1719 5595 sanctornm
1732 5555 1783 5594 nu·

100 5633 333 5701 willermum.
343 5634 397 5691 Sed
412 5635 564 5691 diuturnam
579 5649 640 5691 eam
655 5635 759 5692 cladem
774 5649 835 5690 esso
849 5634 939 5689 divina
995 5646 1071 5688 mero
1084 5630 1205 5700 preclari
1216 5631 1343 5686 antistitis
1359 5634 1497 5696 memoria,
1507 5633 1683 5700 religioseque
1693 5644 1781 5686 asscr-

124 5724 216 5781 ultio
228 5741 307 5791 passa
322 5742 376 5786 nou
387 5738 439 5785 est.
450 5730 478 5785 lu
492 5730 628 5797 integrum
641 5729 871 5796 ergorestitntus,
887 5740 937 5782 nec
995 5739 1094 5779 uantur
1108 5737 1183 5781 sacra
1206 5730 1266 5793 ejus
1288 5739 1348 5780 ossa
1363 5728 1391 5778 in
1407 5724 1515 5780 basilica
1540 5721 1701 5789 Gertesiana,
1719 5734 1781 5796 ‘quo
