3810 6254
183 347 238 425 ⁸05
852 332 981 415 reninis
999 355 1102 416 carm
1122 357 1166 415 rur.
1452 360 1455 366 ’
1481 356 1483 361 ·
1778 367 1832 429 sss

181 460 634 546 Simpliciodevitmcurstisuperna
645 467 825 539 praeceptione
833 467 979 537 migrante,
992 472 1021 534 Α
1032 469 1256 539 corportsctnisti
1269 479 1420 530 monstrare
1433 489 1487 530 non
1496 475 1594 544 possis,
1605 475 1658 533 nisi
1670 476 1826 539 nullatenus

183 569 324 627 ministerii
334 566 405 638 quod
423 564 531 636 regebat
551 563 584 618 ad
604 577 673 619 ruem
687 562 843 618 humilitatis
857 561 975 617 cilicium
1030 560 1173 630 prouidere
1187 562 1333 621 desisteres
1346 564 1400 622 illis
1413 581 1473 638 quse
1487 582 1536 638 per
1547 576 1632 626 totum
1643 571 1775 630 muudum
1789 573 1830 632 di-

181 660 362 734 gubernacula
381 666 580 730 percensuram
596 659 623 712 in
638 658 758 713 diversas
771 656 904 728 generalis
924 655 977 712 Ec·
1029 661 1126 709 cuntur
1139 654 1294 726 obrepsisse
1305 659 1447 729 contagiis.

181 744 384 818 elesiaecuras,
401 750 728 822 quasubiqueterrarum
745 751 850 806 cunctis
871 749 976 820 populis
1024 758 1037 822 [
1067 746 1183 803 i’roinde
1194 747 1270 805 adire
1282 749 1365 807 debes
1380 753 1480 824 cespius
1493 752 1654 813 Christianae
1667 757 1769 815 mentis
1779 759 1830 817 ds·

180 847 351 918 christianis,
364 847 462 904 summi
475 846 593 917 pastoris
602 859 669 901 noce
682 843 836 914 delegante,
851 842 976 898 beatissi·
1028 847 1153 910 gustum,
1171 850 1198 897 ct
1217 856 1314 900 causas
1334 843 1422 900 eidem
1443 846 1538 902 salutis
1556 861 1614 903 sue
1637 855 1721 920 atque
1748 851 1826 909 etiarn

180 956 241 1001 rnus
254 941 352 998 Petrus
371 939 510 1010 apostolus
530 939 654 1009 pervigili
670 937 854 994 moderatione
867 936 977 1017 dispen·
1029 930 1135 1001 imperii
1146 933 1318 1000 redditurus,
1333 945 1360 991 et
1374 935 1551 993 conservandi
1561 937 1762 1006 eiusarrsilium
1775 941 1827 1000 ire-

179 1042 238 1101 sat,
252 1034 379 1090 continuo
396 1048 440 1088 me
453 1031 608 1088 sollicitudo
622 1031 748 1094 maxima,
758 1044 818 1098 qum
832 1038 859 1084 et
874 1029 977 1098 praede-
1029 1034 1143 1094 quentcr
1158 1024 1303 1095 ingerere,
1320 1026 1391 1083 unde
1409 1027 1510 1084 inimici
1527 1028 1599 1084 illius
1613 1030 1770 1088 corruerint
1781 1074 1790 1100 ,
1801 1043 1827 1090 et

112 1133 115 1137 ’
179 1141 316 1185 cessorem
333 1123 978 1194 meumincessantrrurgcbar,tamAlexandri·
1029 1130 1081 1185 qua
1101 1116 1142 1171 vie
1166 1116 1236 1172 idem
1256 1118 1614 1184 surrexerit,nilrilominus
1637 1121 1766 1178 intimare
1787 1123 1826 1190 ei;

180 1235 223 1278 ne
238 1217 322 1284 urbis,
335 1226 509 1291 qnansrsrus
525 1216 585 1273 ituci
602 1217 683 1271 torius
697 1215 841 1271 orientatis
857 1214 977 1285 regionis
1028 1210 1126 1280 scripta
1144 1210 1188 1265 illa
1204 1210 1329 1268 sensibus
1339 1213 1446 1284 pietatis
1460 1211 1519 1283 eius
1539 1213 1648 1282 oneres,
1669 1215 1770 1285 quibos
1785 1217 1827 1280 de.

178 1314 298 1386 excepit.
315 1312 379 1370 llaec
397 1327 446 1368 nos
466 1311 562 1367 dicbus
576 1293 753 1382 noctibusque
775 1311 975 1380 perstringens,
1028 1317 1165 1359 cessorem
1176 1319 1266 1361 meum
1280 1305 1379 1360 eximia
1394 1305 1474 1362 laude
1488 1306 1594 1375 extulit,
1607 1322 1641 1363 eo
1656 1308 1730 1391 quod
1743 1309 1827 1366 aare·

176 1406 211 1463 ad
222 1407 361 1463 dominum
383 1407 465 1460 lulium
480 1412 602 1460 nostrum
617 1403 877 1460 christianissimum
899 1405 975 1474 prin·
1028 1401 1109 1456 ticam
1124 1401 1265 1458 catholicae
1276 1402 1448 1474 tyrannidem
1461 1403 1582 1459 veritatis
1600 1404 1755 1462 assertione
1764 1420 1826 1463 eoa·

178 1499 267 1571 cipem
295 1513 345 1568 per
372 1497 486 1553 vitalem
508 1506 536 1552 et
563 1496 693 1553 Misenum
710 1494 808 1551 iratres
829 1505 856 1551 ct
882 1497 976 1568 coepi·
1028 1491 1137 1549 ioderit.
1154 1493 1219 1550 item
1235 1494 1279 1551 illa
1295 1509 1403 1565 quinque
1423 1494 1520 1566 quibus
1535 1495 1647 1563 Petrum
1666 1483 1826 1556 Alexandri·

181 1605 278 1660 scopos
293 1599 399 1645 nostros
418 1590 580 1660 legationem
593 1589 723 1659 compulit
736 1587 873 1645 destinare
887 1607 894 1645 ι
916 1603 976 1659 qum
1027 1599 1092 1640 turim
1108 1584 1337 1643 abhlesantlrinae
1350 1586 1500 1642 cervicibus
1514 1588 1632 1643 excussit
1646 1587 1788 1655 Ecclesia,
1798 1598 1826 1649 ct

176 1668 236 1759 rice
251 1699 310 1740 ruea
325 1683 416 1754 pietati
427 1682 486 1750 ejus
499 1692 527 1738 et
539 1683 628 1738 debita
645 1690 821 1759 presentaret
834 1681 922 1737 oilicia
937 1681 989 1753 (et
1027 1684 1128 1732 sancire
1139 1678 1277 1734 memoriae
1293 1678 1465 1734 Timotheum
1480 1678 1619 1735 revocarit
1632 1680 1824 1739 onhhdnsnn,

175 1785 226 1846 pro
242 1775 293 1832 ide
303 1774 446 1845 eatirnlica)
462 1774 647 1845 maiorumque
661 1782 816 1830 nostrorum
832 1773 973 1831 servandis
1027 1768 1081 1825 Nec
1094 1770 1141 1825 iiia
1152 1770 1291 1840 preterire
1301 1770 1398 1839 ortibus
1412 1771 1548 1841 episcopis
1562 1780 1590 1826 et
1599 1771 1720 1840 clericis,
1736 1772 1826 1832 iaicis·

177 1867 416 1924 constitutionibus
430 1866 603 1936 supplicaret.
720 1885 724 1891 ¹
989 1858 1013 1920 B
1027 1875 1080 1930 que
1094 1875 1262 1931 peromnem
1275 1861 1421 1935 AEgyptum
1435 1862 1606 1931 constitutis,
1619 1865 1691 1933 equod
1706 1881 1722 1920 a
1735 1866 1825 1925 divina

213 1960 290 2017 ¹liac
302 1960 447 2031 igitur,iilo
455 1968 595 2030 pergente,
605 1975 652 2029 par
660 1960 886 2018 iuitdiiectionem
902 1969 974 2017 tuam
1027 1951 1178 2009 Christiana
1204 1954 1373 2023 professione
1398 1954 1570 2018 deviassent,
1585 1955 1657 2012 sient
1675 1957 1825 2016 catholicas

176 2053 282 2111 dilectis
296 2054 396 2123 pariter
416 2052 534 2109 sainture
548 2053 711 2124 colloquiis,
733 2062 760 2110 et
777 2062 976 2127 consequenter
1027 2046 1175 2116 1111111111
1187 2047 1338 2115 0111111111,
1350 2047 1401 2103 nisi
1416 2048 1485 2104 intra
1498 2047 1569 2104 duos
1578 2063 1687 2107 meuses
1702 2049 1737 2106 ad
1750 2065 1826 2111 eom·

175 2145 279 2203 hortari
295 2155 324 2200 ut
341 2145 489 2216 aliquando
505 2140 612 2201 taudem
628 2146 804 2214 patrocinium
815 2161 904 2203 causac
922 2148 975 2203 llo·
1025 2141 1181 2197 munionem
1197 2142 1332 2199 Timothei
1347 2142 1484 2209 redirent,
1501 2141 1670 2213 bonoribus,
1687 2144 1823 2216 ecclesiis,

175 2236 241 2293 mini
262 2237 413 2293 communis
426 2237 587 2307 impendas,
604 2252 654 2294 nec
668 2237 869 2309 despiciendum
881 2248 972 2309 putes,
1025 2234 1203 2305 omnibusque
1218 2235 1244 2290 in
1261 2234 1306 2289 illa
1323 2235 1433 2305 regione
1455 2235 1624 2291 denuntiarit
1638 2249 1701 2293 esse
1716 2238 1825 2308 privan-

175 2326 276 2386 cirrisri
291 2329 465 2385 confessione
480 2327 619 2395 veridica,
635 2339 662 2385 et
674 2329 833 2386 uniuersalis
846 2330 904 2400 cius
919 2329 973 2386 Ec·
1025 2323 1181 2381 dessimul
1191 2327 1270 2383 etiam
1281 2326 1471 2397 quitassent,
1482 2325 1825 2396 quemiilicitesehlexsn«

175 2419 267 2477 clesim
289 2419 495 2477 definitione...
515 2420 559 2477 uei
579 2420 612 2475 de
632 2435 697 2490 pace
713 2421 974 2480 concorditer...·.si
1026 2417 1112 2475 drinae
1144 2420 1272 2477 Ecclesiae
1301 2421 1427 2491 iniecisse
1453 2421 1606 2492 perhibuit,
1634 2436 1668 2480 ae
1689 2421 1826 2481 Timothei

174 2510 248 2570 illius
261 2522 288 2569 et
298 2513 484 2581 bonoreeupis
499 2527 560 2568 esse
570 2512 660 2569 clarus
671 2522 699 2570 et
709 2514 829 2569 nomine.
845 2514 972 2569 Tatcmnr
1028 2508 1148 2567 baeretici
1171 2511 1226 2582 jam
1242 2511 1362 2567 deiuncti
1382 2511 1588 2579 ordinationes,
1604 2511 1647 2570 rel
1662 2526 1694 2571 ea
1707 2528 1771 2586 qum
1783 2529 1826 2570 se·

174 2602 247 2661 enim
262 2601 413 2660 secundum
435 2603 610 2675 apostolicam
630 2617 745 2670 rocem,
761 2621 882 2678 uirginem
901 2603 975 2660 erotis
1025 2609 1102 2657 creto
1122 2617 1171 2673 per
1184 2601 1280 2658 modos
1295 2602 1443 2671 dicebant,
1458 2603 1493 2658 ita
1509 2604 1670 2661 recassavit.
1692 2604 1748 2663 lise
1769 2617 1824 2664 noir

174 2695 256 2752 inesse
278 2694 408 2750 tristitiem
430 2704 453 2748 et
477 2694 592 2749 dolorem
612 2694 701 2749 cordis
720 2696 801 2750 :rostri
821 2696 972 2761 contiriuum
1026 2692 1107 2751 etiam
1128 2693 1195 2750 illud
1215 2694 1375 2760 adnectere,
1389 2695 1533 2765 quodcum
1547 2695 1707 2754 Timotheus
1721 2707 1824 2754 sanctas

175 2785 263 2858 (honr.
290 2786 328 2857 ix)
349 2786 558 2857 cogitationibus
576 2801 643 2857 quas
659 2786 685 2842 in
701 2786 745 2843 die
764 2786 974 2856 procedentibus
1026 2785 1164 2840 memoriae
1174 2785 1324 2842 catholicus
1339 2785 1495 2856 iungeretur
1508 2789 1654 2855 extremis,
1670 2788 1772 2847 diviua
1783 2790 1825 2848 in·

175 2877 396 2952 inrepertenuteq
412 2880 526 2951 negotiis
549 2879 723 2937 sustinemus.
745 2880 878 2953 imprimis
892 2882 971 2953 illud,
1025 2876 1183 2946 spirationis
1195 2878 1345 2944 1111111111,
1363 2879 1463 2935 11111111
1480 2879 1538 2951 11111
1551 2880 1687 2954 pontilicis
1696 2882 1826 2941 eontulit

174 2972 247 3044 qnod
261 2971 363 3030 dudum
378 2981 442 3028 ante
464 2973 557 3029 oculos
581 2972 638 3030 lere
655 2974 776 3030 omnium
798 2975 972 3044 vertebatur,
1025 2970 1191 3035 resouibens,
1202 2985 1282 3040 quam
1291 2970 1325 3027 ad
1339 2971 1413 3028 urbis
1426 2971 1735 3042 Alexandrinaeclerum,
1746 2976 1825 3032 omni

174 3063 292 3121 occurrit
307 3082 312 3117 :
325 3064 465 3133 cujusnam
478 3065 515 3121 rei
529 3064 746 3123 causaridolicet
757 3067 919 3137 intercessit,
932 3069 974 3125 in·
1025 3062 1192 3135 providentii
1205 3063 1341 3120 blanditii
1355 3065 1563 3134 11111111111111
1576 3063 1628 3132 ,nt
1641 3065 1665 3120 ⁸1
1676 3067 1824 3136 tiioelsiitiu

173 3157 235 3215 dica
250 3158 418 3228 nobis,qrrod
433 3157 543 3214 dilectio
560 3168 604 3212 tua
616 3174 669 3214 non
686 3160 766 3216 modo
777 3160 859 3216 tantis
873 3177 973 3230 oppor-
1024 3156 1149 3211 domiuus
1160 3155 1329 3211 sacerdotem
1343 3156 1592 3227 transiretusserit
1604 3170 1658 3212 111111
1671 3157 1725 3214 biii
1740 3158 1824 3216 dect·

174 3248 334 3305 trinitatibus
350 3249 534 3306 inuesinenter
547 3251 664 3315 exertis,
677 3264 768 3306 rerum
784 3251 866 3306 etiarn
885 3241 1007 3321 saepo-C
1024 3244 1186 3300 tirolicorurn
1211 3260 1326 3317 corpore
1349 3247 1511 3304 clericorum
1526 3289 1534 3316 i
1550 3257 1578 3305 ⁶²
1602 3249 1649 3322 qni
1664 3249 1823 3308 ⁰illi⁰il⁰¹³

175 3355 309 3396 urrrnerna
321 3340 509 3396 decessoribus
522 3342 589 3397 ineis
602 3342 698 3397 litteris
711 3342 821 3398 invitata
830 3343 968 3415 iirrciinrai,
1026 3337 1087 3392 irdci
1103 3337 1262 3408 probaretur
1274 3352 1334 3394 esse
1344 3338 1503 3409 discipulus,
1517 3331 1698 3414 omnibusque
1705 3355 1822 3399 commu·

174 3432 248 3489 reiut
262 3433 397 3488 obstinato
411 3432 529 3499 silentio,
545 3448 679 3502 irrinqnnn
689 3448 772 3504 snper
783 3434 852 3490 tratre
866 3445 969 3506 partein
1024 3430 1126 3485 nicarcr
1141 3430 1280 3496 eeclesiis,
1293 3440 1373 3502 atque
1386 3434 1554 3490 acatholicis
1574 3433 1717 3490 ordinans
1728 3449 1824 3492 succe-

174 3533 221 3580 ant
232 3524 376 3581 consulere
390 3523 534 3595 quidquam
552 3523 680 3588 coluerit,
695 3514 867 3591 aut'reicrro.
889 3523 971 3582 Curin-
1023 3522 1102 3579 deret
1117 3521 1247 3580 defuncto
1271 3525 1391 3596 pontitici
1408 3526 1557 3582 :nimirum
1577 3527 1718 3598 sapienter
1737 3528 1824 3585 inten-

173 3634 226 3692 quc
239 3634 289 3676 nos
303 3617 403 3689 alimrid
419 3627 521 3674 tenuere
533 3618 673 3674 sinistrum
687 3619 769 3690 (quod
785 3618 865 3690 absit)
880 3620 913 3676 de
923 3627 970 3677 tua
1024 3615 1102 3683 dens,
1116 3619 1237 3690 Petrum,
1251 3619 1351 3691 quiaut
1364 3634 1379 3673 a
1393 3619 1491 3687 nullis,
1505 3628 1552 3675 aut
1564 3619 1599 3674 ab
1611 3618 1751 3679 hereticis
1762 3620 1823 3678 taisi

173 3723 417 3772 mentecouremat
441 3713 565 3784 opinari,
581 3724 670 3768 tanuen
694 3713 755 3783 quia
774 3713 969 3770 venerabiiium
1024 3712 1141 3767 nominis
1156 3711 1236 3781 liujus
1246 3710 1350 3769 honore
1359 3712 1519 3782 lactaretur,
1531 3727 1615 3783 super
1629 3721 1737 3784 petram
1746 3711 1825 3787 [sm

174 3807 292 3863 virorunr
312 3807 357 3878 qni
377 3805 525 3877 Ecclesiam
539 3806 581 3862 cui
598 3804 727 3875 presides
747 3815 809 3861 ante
823 3815 967 3871 rexerunt,
1024 3802 1141 3878 Petrum]
1165 3806 1306 3862 catholice
1322 3806 1468 3876 Ecclesim,
1491 3820 1508 3863 e
1532 3823 1584 3878 qua
1605 3807 1666 3878 eius
1679 3806 1825 3865 temeraria

138 3933 142 3942 ·
173 3911 276 3955 moreni
299 3896 465 3970 lornmnrquc
481 3896 629 3963 destituas,
646 3895 791 3953 ullomodo
803 3897 894 3968 possis
915 3912 969 3952 nou
1013 3897 1826 3974 »ineratpresumptionedepulsos,nnnqnampossepeni·

172 4004 234 4048 csso
247 4000 398 4062 suspectus.
1024 3991 1237 4062 tuspraesidere.

206 4081 287 4139 Certe
295 4082 405 4153 sliquod
423 4096 474 4137 non
489 4082 798 4154 crediuursliledignaris
813 4083 842 4137 ll.
853 4084 969 4153 apostoli
1060 4080 1124 4136 lime
1139 4081 1291 4152 hujusmodi
1304 4099 1365 4155 qum
1379 4093 1455 4156 gesta
1469 4092 1549 4153 sunt,
1565 4082 1827 4142 erdiieeuonisous

173 4172 293 4229 rictoriis
307 4172 486 4228 reverentiam
505 4173 557 4226 tuis
572 4172 680 4228 deterre
699 4173 847 4228 eastuosis¹
868 4173 969 4229 adecti·
1024 4177 1220 4232 coruscientianr
1242 4193 1295 4232 non
1311 4178 1409 4246 latent,
1425 4186 1590 4235 convenerat
1601 4178 1703 4249 saepius
1724 4177 1828 4249 imper·

174 4264 234 4333 bus,
254 4263 461 4320 nueniorsairorn
475 4262 556 4317 cilicii
574 4277 623 4333 pro
635 4262 697 4319 ituci
713 4263 865 4335 integritate
880 4267 970 4322 catino
1024 4267 1068 4323 riri
1083 4285 1090 4319 ι
1108 4268 1242 4340 praecipue
1263 4284 1324 4326 cum
1350 4271 1377 4326 in
1398 4269 1440 4325 his
1454 4254 1687 4326 christianissimo
1708 4268 1827 4340 principi
1890 4341 1892 4344 Ι

174 4353 638 4423 licm,propntcrnnru1ncurstorlia
658 4355 969 4428 sarrctinnunu,prosy·
1024 4362 1237 4433 promulgandis,
1263 4364 1372 4434 quando
1396 4364 1429 4420 ad
1453 4364 1553 4434 regiam
1582 4369 1748 4433 potestatem
1768 4361 1828 4418 beo

174 4444 237 4501 nodi
250 4441 480 4499 Chalcedonensis
491 4444 683 4501 constitutione
697 4446 840 4512 servanda,
852 4462 912 4517 qum
920 4446 967 4502 ili-
1023 4454 1169 4509 comitante
1180 4458 1321 4523 remearit,
1335 4471 1444 4528 operam
1459 4467 1531 4513 tnanu
1547 4456 1638 4514 missis
1654 4454 1710 4511 irus
1726 4454 1830 4511 litteris

173 4534 241 4591 cani
263 4542 413 4589 conuentus
431 4535 538 4603 penitus
557 4535 652 4607 probat
666 4537 809 4604 articulos,
825 4546 905 4608 atque
920 4553 968 4609 pro
984 4559 1077 4634 Dnon
1094 4547 1211 4602 tacueris
1235 4547 1411 4605 vehementer
1435 4549 1585 4619 impensam
1606 4561 1683 4612 esse,
1714 4545 1829 4619 diguam

173 4625 214 4683 cis
224 4626 324 4696 ubique
338 4625 703 4699 hostibuscomprimendis,
717 4629 786 4686 sicut
799 4631 968 4688 orthodoxo·
1023 4635 1162 4692 catholieo
1177 4638 1318 4706 pontibce;
1334 4640 1490 4710 gloriareris
1503 4637 1653 4708 omnesqui
1671 4645 1773 4693 contn
1785 4651 1830 4695 se·

174 4732 234 4774 rum
258 4716 332 4772 urbis
349 4716 421 4774 illius
441 4719 561 4777 imitator
576 4720 743 4788 antistitum,
756 4731 912 4780 constanter
927 4740 970 4780 ex·
1022 4727 1083 4783 dem
1100 4736 1216 4783 vestram
1231 4727 1389 4802 [nosir·am],
1408 4736 1558 4802 contraque
1569 4725 1830 4786 chalcedonensem

173 4822 285 4881 surgere
295 4805 436 4867 debuisses
451 4827 458 4866 :
474 4811 603 4881 quoniam
618 4820 644 4868 te
665 4813 744 4870 aliter
766 4813 837 4871 inter
848 4814 971 4872 membra
1025 4819 1175 4890 synodum,
1193 4828 1221 4877 et
1232 4829 1325 4878 contra
1340 4821 1560 4892 pradicationem
1575 4817 1649 4878 sedis
1662 4820 1830 4892 apostolicas

173 4987 254 5043 rimus
269 5003 327 5042 eum
340 4987 498 5042 riorrrinuinm
512 5002 565 5041 esse
579 4985 722 5041 Grerrrnnum
737 4988 903 5060 episcopum:
922 4990 968 5045 red
1026 4994 1162 5061 cognorit,
1176 5002 1204 5047 et
1217 4992 1330 5049 ludibria
1345 4993 1467 5062 quaedam
1482 4992 1507 5048 in
1523 4992 1694 5051 euersionem
1714 4993 1779 5050 uoci
1794 4995 1831 5049 alr

173 5059 202 5113 in
215 5059 310 5131 scripto
323 5058 472 5128 perantiquo
487 5057 573 5112 codice
584 5063 677 5110 nostrie
692 5058 858 5126 bibliothece,
871 5059 912 5112 eui
929 5068 966 5113 est
1024 5060 1122 5118 heacio
1143 5064 1202 5118 lieri
1222 5082 1229 5118 :
1252 5075 1315 5119 turre
1328 5064 1443 5119 liitalem
1467 5065 1621 5133 episcopum
1644 5062 1832 5122 liroentinum

174 5127 500 5185 rireteescmenrdanriae
514 5142 656 5195 canonum,
673 5129 737 5182 inter
750 5130 803 5182 elin
818 5130 882 5183 inest
896 5129 967 5183 irem
1022 5146 1054 5186 cs
1077 5135 1185 5202 regione
1208 5135 1315 5201 Picena,
1340 5144 1368 5190 et
1391 5135 1520 5190 blisennm
1542 5133 1668 5190 Cumanae
1691 5133 1832 5192 Ecclesia

172 5200 350 5270 compendium
375 5200 501 5266 historiae,
527 5198 696 5267 conspiceretis
718 5209 832 5266 reirtporn
854 5200 885 5253 ab
909 5211 967 5254 ortu
1021 5203 1178 5273 episcopum
1193 5219 1227 5260 or
1250 5206 1361 5274 regione
1380 5205 1536 5275 Campania·
1556 5205 1747 5269 discrimem.
1772 5204 1833 5264 ses

175 5267 1832 5348 mmmmwmwfflmmmwlmmmwwmmmmmfflmm

173 5337 259 5396 Felice
274 5356 353 5412 prpe,
367 5341 393 5394 in
405 5356 456 5410 quo
472 5341 610 5394 damnatus
623 5350 659 5394 est
670 5341 777 5394 Asamus
795 5357 804 5396 :
825 5345 893 5408 quoti
909 5343 966 5395 lieet
1021 5353 1082 5397 turre
1094 5362 1124 5398 ea
1143 5347 1230 5399 ciuitas
1252 5347 1321 5417 opud
1343 5347 1449 5416 lisoium
1473 5362 1504 5401 eo
1518 5349 1620 5401 nomine
1642 5355 1833 5416 nuncupatum

172 5411 227 5467 sine
247 5413 358 5466 auctoris
392 5411 483 5466 tourins
503 5411 597 5465 editum
618 5413 771 5479 reperietur,
794 5412 905 5481 aiicujus
921 5413 966 5480 qui
1021 5413 1174 5475 Trnerrtum,
1199 5418 1274 5471 leodic
1297 5419 1372 5489 oulqo
1394 5416 1492 5472 Tranio
1509 5418 1605 5472 dictum
1621 5432 1631 5469 .·
1648 5418 1831 5472 meminentes

173 5480 1832 5554 mmmwmmmwwfflwmmm·mmwmfflwmmmwmfflfflww

174 5560 215 5605 tur
234 5568 244 5607 .·
262 5555 288 5606 in
302 5555 351 5608 hoc
361 5554 464 5623 inquunt
478 5567 563 5618 opere,
583 5552 649 5604 inter
663 5551 715 5605 olio
731 5552 855 5606 lrnbentar
867 5554 921 5607 iser
932 5554 964 5608 de
1020 5554 1113 5622 legatis
1127 5556 1294 5611 Constantini
1302 5560 1385 5628 polim
1400 5559 1490 5615 missis
1504 5559 1567 5617 Bar.
1579 5573 1651 5618 auno
1662 5556 1732 5633 tte,
1746 5573 1828 5621 uum.

67 5664 71 5669 .
173 5620 214 5676 luis
236 5622 324 5695 teporis
342 5624 428 5680 missis
449 5621 715 5691 Constantinopolin:
732 5621 877 5692 Postquam
900 5637 964 5694 ergo
1021 5626 1065 5681 ib.
1081 5625 1144 5682 Ser.
1161 5627 1261 5684 Brasos.

173 5689 249 5749 Felix
266 5708 334 5763 papa
348 5694 450 5751 litteras
467 5690 675 5763 predecessoris
689 5691 731 5750 sui
746 5693 815 5752 nibli
833 5695 966 5766 prolicere
1718 5730 1724 5738 ·
1755 5740 1758 5744 -
1816 5712 1841 5758 ,1

212 5803 264 5863 ¹ld
276 5813 327 5874 est,
343 5807 392 5865 hoe
405 5807 689 5929 lqrrwrn.
787 5802 810 5822 '¹
1057 5815 1066 5846 ¹
1083 5809 1163 5870 Forte
1176 5810 1306 5881 canitur,
1321 5814 1456 5875 llasnura.

1496 5933 1532 5955 Ἀ
