3810 6254
140 283 192 341 577
642 277 809 334 tranauit
831 260 877 332 au
899 277 1070 336 ttciuuutt
1092 277 1261 335 uticustitt
1716 272 1769 329 577

138 403 265 479 pauentia.
293 403 401 458 Grecos
424 406 512 456 teitus
534 398 560 451 in
578 394 656 451 editis
674 406 721 460 air
735 399 920 469 eaquae—›aeta‹
934 400 960 456 Α
975 396 1150 463 lacumiano
1164 395 1285 451 Numidia
1304 395 1382 450 luerit
1397 403 1442 450 aut
1465 407 1482 450 e
1498 394 1654 450 Mauritania
1677 394 1768 449 Cassa·

138 475 245 535 arbeae.
261 473 337 536 7οιιο
350 471 520 526 Ptolemaeum
534 467 581 522 lib.
593 483 632 531 ir,
647 481 706 537 cap.
722 468 750 531 9,
766 468 865 522 dicitnr
876 466 922 522 Ti·
976 468 1069 522 riensi.
1090 467 1191 522 Tamen
1214 482 1305 533 supra,
1330 467 1363 519 ad
1383 481 1443 535 cap.
1463 464 1565 521 seilicet
1580 465 1632 521 lbi
1644 464 1765 534 ejusdem

139 562 219 616 qaum·
234 545 317 599 eorlex
338 540 471 596 Palatinus
487 538 567 594 babet
581 536 687 607 Piqaua.
704 537 753 592 cu
765 546 805 592 tas
819 537 924 609 Tiqauoe
975 538 1142 600 collationis,
1165 539 1208 592 ubi
1232 537 1367 591 Seueriuua
1382 538 1515 605 episcopus
1535 536 1674 590 Dniratista
1689 536 1767 591 testi·

139 626 301 670 memoratur
316 628 331 667 a
347 611 433 666 Plinio
456 610 501 664 lib.
518 625 626 678 r‚eap.
643 608 669 661 9.
698 608 815 671 Tiqauiaa
833 609 924 663 laudat
976 609 1095 662 iriouium
1111 609 1197 663 reddit
1218 608 1243 661 in
1259 610 1364 674 negotiu
1376 608 1446 676 rqiind
1461 608 1493 659 aii
1509 605 1689 661 Caesarienses
1702 620 1765 676 spe-

139 685 293 740 Ammianus
308 681 476 736 Marcellinus
499 679 545 734 lib.
561 695 635 739 xxix.
657 694 717 738 can.
733 679 759 733 5.
773 680 856 734 Porro
871 681 922 734 du·
975 679 1075 741 etabat,
1097 695 1157 733 eum
1179 678 1360 732 Casuellanum
1384 681 1409 730 in
1431 678 1586 732 Mauritania
1610 677 1767 746 episeniuim

139 756 235 823 plicam
252 753 366 806 nominis
379 752 454 806 istius
471 754 556 805 locuni
577 754 603 804 in
616 749 774 804 Mauritania
793 749 874 804 luisse
888 765 921 804 es
976 748 1057 803 luisse
1079 748 1165 803 lassus
1184 757 1235 804 est.
1255 746 1396 802 Caerulum
1418 749 1488 802 inter
1502 748 1665 802 Mauritaniae
1677 749 1768 801 Caesa·

138 824 264 879 Antonini
280 823 419 877 itinerario
438 830 530 890 patet.
555 822 599 875 ulii
616 818 724 891 Tqauas
744 821 922 890 uranicipiirm,
975 820 1073 875 aiensis
1092 822 1174 876 urbes
1193 827 1323 875 memorat
1343 832 1494 889 anonymus
1514 817 1700 873 arvennensis
1717 817 1766 878 lib.

139 893 270 963 Oppidum
282 890 603 962 aerumnarumque
616 899 711 945 castra.
723 890 824 946 Tamen
840 891 924 946 editio
974 904 1015 955 ut,
1031 906 1059 944 n.
1074 889 1101 945 8.

136 965 218 1018 Bertii
232 965 313 1020 habet
329 963 437 1034 Ticaqas
451 972 544 1017 eastra.
1012 961 1055 1015 76.
1077 960 1276 1016 Mureciriuus.
1291 959 1318 1013 ln
1331 958 1533 1024 Carthaginensi
1544 958 1693 1015 collatione
1703 973 1765 1028 cap.

171 1035 216 1090 09.
237 1034 431 1089 Rusaniriuos.
444 1032 595 1102 Legendnm
610 1031 845 1102 putatliarduinus
866 1031 922 1086 llu-
977 1029 1565 1099 755ωειιιοιιιιιιιιοηιὶιιερὶιιοριιιρΙιὸὶι
1576 1028 1766 1097 Maronianae,

137 1106 285 1169 sadiramn,
301 1118 349 1161 seu
362 1094 451 1172 potins
466 1103 677 1167 llusadiritarmc,
693 1103 763 1169 quod
786 1118 820 1157 er
837 1101 923 1156 Plinio
975 1115 1025 1169 pro
1046 1117 1099 1169 qna
1119 1103 1268 1167 suspicatur
1294 1101 1325 1156 il.
1348 1101 1378 1155 G.
1399 1101 1520 1155 Baluiius
1541 1099 1682 1168 legendum
1705 1116 1768 1158 esse

136 1172 182 1229 tib.
199 1193 224 1239 r,
236 1189 295 1241 can.
311 1175 338 1237 2,
355 1173 381 1227 in
400 1173 554 1228 Mauritania
570 1171 710 1238 Tingitana
720 1173 833 1227 Raaadir
846 1173 924 1242 oppii·
977 1171 1150 1225 Matecitame.
1164 1172 1196 1225 Et
1210 1171 1317 1240 quidem
1329 1171 1446 1227 Ortelius
1461 1172 1486 1224 ia
1499 1170 1636 1223 Thesauro
1650 1186 1765 1239 geogra-
1783 1212 1788 1219 .

136 1246 198 1299 dam
209 1256 330 1314 otpertus
341 1243 477 1299 habeatnr.
491 1243 590 1298 Dicitur
601 1241 922 1311 Rusaddereoloniaapud
976 1242 1056 1308 pliico
1077 1242 1256 1296 Mateaitaaam
1281 1242 1374 1296 urbem
1402 1256 1434 1295 er
1462 1240 1611 1296 collatione
1635 1241 1765 1321 Marthag.

135 1316 299 1370 Arrioninum
324 1317 351 1368 in
372 1314 557 1378 itinerario,a
578 1313 722 1368 Ptolemaeo
736 1328 800 1367 iero
815 1311 860 1366 lib.
884 1328 922 1375 tv,
977 1312 1076 1378 laudat,
1101 1326 1180 1380 quani
1203 1322 1292 1366 tamen
1314 1327 1444 1379 unusquam
1459 1311 1577 1368 reiterire
1592 1311 1656 1364 mihi
1679 1313 1766 1369 licuit.

137 1399 195 1452 cap.
214 1386 239 1448 7,
262 1384 380 1442 ‘mauide
398 1407 434 1440 ον.
456 1385 487 1438 Ei
508 1385 669 1451 Pomponius
682 1383 748 1437 Mela
767 1383 878 1437 Muradir
899 1391 923 1437 et
977 1381 1048 1436 blein
1063 1391 1157 1438 auctor
1179 1383 1256 1450 panln
1281 1381 1391 1435 inferius
1417 1381 1594 1435 Muticitaimm
1609 1380 1726 1436 iimitem
1738 1384 1766 1437 iii

136 1455 227 1526 Siqam
242 1473 333 1523 paruas
344 1407 417 1510 uriom
428 1456 453 1509 in
465 1454 618 1509 Mauritania
634 1453 774 1523 Tingitana
789 1460 922 1518 recenset,
976 1452 1135 1506 Mauritania
1152 1453 1302 1508 Caesariensi
1318 1450 1428 1506 laudans
1448 1468 1480 1505 ex
1503 1451 1571 1505 libro
1588 1451 1704 1517 Mortua,
1721 1452 1766 1510 obi

137 1540 196 1579 euru
208 1525 292 1592 alias,
306 1527 410 1597 inquit,
426 1525 491 1578 nibil
511 1524 546 1579 sit
560 1524 587 1579 in
601 1524 652 1579 bae
669 1525 805 1592 prouincia
820 1538 924 1579 niema-
976 1521 1091 1577 babetur
1103 1533 1171 1577 sect.
1186 1523 1231 1584 54,
1251 1534 1340 1576 monet
1360 1523 1386 1576 in
1406 1522 1498 1577 codiee
1520 1523 1694 1578 membraneo
1716 1537 1767 1594 pro

136 1605 196 1652 ratu
207 1596 326 1664 dignum.
350 1597 458 1661 llerurn,
473 1596 498 1649 ni
513 1596 608 1658 fallor,
626 1593 805 1648 Rusaditanus
819 1597 924 1663 episco·
977 1592 1123 1648 Muticitaui
1141 1593 1232 1648 haberi
1256 1592 1427 1647 Mamicitaui.
1456 1592 1540 1647 Porro
1560 1608 1619 1647 cmn
1642 1592 1766 1648 Leontius

138 1681 187 1729 pus
200 1667 242 1721 hic
257 1667 284 1721 in
298 1669 391 1721 notitia
404 1668 552 1721 recensitus
564 1665 701 1720 sicdictus
717 1667 789 1721 iuita
805 1664 921 1720 Musaeo.
976 1678 1054 1730 supra
1077 1680 1110 1718 er
1130 1664 1278 1719 Cnilatione
1298 1664 1421 1717 iairdatus
1434 1662 1531 1718 ibidem
1548 1663 1648 1717 nullum
1664 1679 1694 1717 se
1716 1663 1766 1719 ha·

136 1737 199 1791 Erat
221 1746 310 1792 autem
337 1737 453 1793 Murrum
475 1736 576 1790 colonia
592 1735 697 1804 depasti
708 1775 715 1800 ,
736 1751 816 1800 quam
841 1735 921 1803 paulo
937 1771 960 1831 B
976 1733 1039 1789 bere
1062 1734 1226 1789 bonatisiani
1250 1733 1431 1789 arlrersarium
1454 1743 1644 1799 asseverasset,
1668 1733 1767 1790 ilabet-

136 1806 247 1860 inlerius
261 1809 317 1873 ipse
333 1808 433 1862 Plinius
447 1809 473 1861 in
485 1806 639 1860 Mauritania
654 1804 810 1862 Caesariensi
825 1820 918 1859 recen·
974 1803 1041 1859 deus
1055 1805 1184 1860 diaconus
1199 1805 1335 1873 respondit
1349 1803 1511 1859 cresconiam
1525 1804 1604 1858 modu
1618 1804 1701 1859 irrisae
1717 1820 1767 1875 pro

135 1885 185 1930 set.
203 1876 305 1932 Dicitur
316 1880 350 1932 ah
362 1879 495 1933 antonino
513 1876 628 1930 lluiaaas
641 1877 818 1942 municipium,
835 1892 848 1928 a
865 1890 918 1940 aquo
973 1889 1004 1929 ea
1020 1875 1086 1929 urbe
1097 1876 1258 1930 ordinatum.
1274 1874 1350 1930 bride
1363 1876 1442 1930 iulert
1455 1875 1576 1929 Balrrzius
1589 1873 1766 1930 Creseouinni

136 1949 204 2000 sient
224 1958 250 2001 ei
265 1964 279 2000 a
296 1948 440 2004 Pioiemaen
456 1948 524 2002 liniq
537 1963 573 2015 tv,
588 1960 646 2014 cap.
662 1945 690 2011 9,
706 1946 732 2000 in
748 1947 841 2003 eadem
856 1961 920 2013 prn-
974 1945 1140 2000 Doriatistam
1155 1948 1199 2014 qui
1216 1945 1326 2000 iiiierins
1340 1961 1400 2014 cap.
1420 1944 1473 1999 auti
1496 1946 1628 2016 episcopua
1643 1945 1768 1999 Mastita-

136 2017 222 2071 rineia
245 2019 357 2074 locatur.
380 2020 413 2073 Et
427 2018 533 2086 quidem
555 2026 652 2084 prater
665 2016 715 2069 loci
730 2019 829 2079 sitnm,
850 2015 921 2071 lavet
974 2031 1023 2069 aas
1036 2015 1143 2080 dicitur,
1158 2019 1300 2086 ipsummet
1320 2030 1380 2071 esse
1397 2014 1560 2070 Caesenniam
1574 2031 1653 2084 quem
1667 2015 1766 2071 liabet-

136 2088 216 2141 etiam
235 2089 311 2144 nobis
331 2087 454 2144 dirorum
469 2087 606 2143 inmiiiaris
618 2086 751 2141 scribendi
767 2090 845 2148 ratio,
861 2087 919 2156 qui,
974 2085 1039 2140 drus
1062 2097 1274 2150 memoratorum
1296 2101 1327 2141 ac
1347 2086 1467 2154 proinde,
1487 2086 1524 2141 ibi
1540 2100 1588 2153 pro
1607 2085 1767 2141 Murtitmms

136 2166 165 2210 ut
178 2171 209 2210 ex
230 2159 288 2216 iaso
315 2160 450 2214 itarduino
464 2159 576 2226 aliisque
595 2155 660 2210 uiris
673 2159 785 2212 cruditis
801 2160 852 2218 iani
866 2173 920 2212 non
973 2157 1158 2225 reponendum
1173 2173 1232 2212 esse
1254 2155 1453 2221 Musonianus,
1474 2156 1545 2225 quod
1561 2165 1588 2208 et
1610 2155 1682 2212 lecit.
1698 2157 1764 2224 Sed,

136 2229 217 2281 semei
232 2228 404 2285 observatum
429 2237 488 2294 est,
503 2229 606 2283 litteras
631 2228 648 2278 rt
661 2234 688 2280 et
702 2244 717 2281 a
739 2228 920 2283 indifferenter
974 2237 1003 2281 ut
1015 2241 1095 2295 snpra
1107 2227 1222 2283 diximus
1232 2232 1256 2281 in
1267 2229 1337 2282 notis
1348 2229 1381 2281 ad
1393 2229 1533 2297 episcopos
1545 2226 1677 2282 Numidiae
1688 2242 1764 2282 num.

136 2297 294 2353 adhibebant
306 2316 314 2365 ;
325 2299 360 2355 ita
376 2308 405 2354 ut
420 2300 536 2353 Mazaeus
546 2308 572 2352 ct
586 2295 705 2352 nisaeus
717 2298 786 2353 idern
803 2300 867 2353 sint.
973 2297 1017 2360 77,
1032 2309 1059 2351 et
1073 2299 1105 2351 ad
1122 2300 1273 2370 llyaaceuos
1285 2314 1359 2355 nmn.
1370 2297 1415 2361 28,
1428 2297 1558 2352 Hearicus
1568 2297 1765 2353 Nurisiuscon·

172 2367 216 2423 70.
226 2370 423 2425 Rsuanirrmus.
435 2370 567 2439 Oppidum
579 2367 761 2435 Meperitanum
772 2385 805 2423 ex
814 2368 920 2423 Vir-tore
973 2369 1056 2424 tendit
1069 2367 1232 2423 Creacouiain
1246 2369 1325 2424 istum
1340 2384 1403 2423 uere
1418 2369 1587 2422 Mastitauum
1600 2369 1626 2422 in
1641 2367 1765 2424 Numidia

136 2438 214 2491 babet
228 2438 354 2495 0rtelms.
372 2442 526 2512 Aannyinus
540 2438 680 2492 Rauennae
693 2440 738 2491 tib.
754 2455 792 2499 m,
805 2454 878 2494 rium.
890 2440 918 2508 8,
973 2441 1127 2507 episcopum
1149 2439 1244 2504 luisse,
1268 2440 1389 2508 duasque
1413 2439 1472 2507 eius
1497 2440 1613 2492 nominis
1633 2439 1714 2494 urbes
1738 2441 1765 2497 in

135 2506 331 2577 Repetiniaaain
347 2513 437 2565 urbem
454 2515 585 2563 nieinnrat
607 2507 634 2559 in
658 2507 811 2563 Mauritania
831 2509 920 2564 Cassa·
972 2509 1062 2565 Airica
1077 2510 1214 2564 exstitisse
1228 2509 1331 2574 scribit,
1347 2525 1457 2579 quarum
1473 2508 1556 2562 altera
1568 2508 1601 2563 ad
1616 2525 1765 2578 proconsu-

135 2579 227 2639 riensi,
244 2595 291 2648 pro
302 2596 352 2648 qua
364 2597 380 2635 n
392 2590 454 2634 ster
466 2579 587 2634 Placidus
599 2575 753 2634 Porcberou
769 2581 921 2650 suspicitur
972 2580 1067 2646 larem,
1082 2584 1166 2634 altera
1184 2581 1295 2634 rerii‘ad
1311 2580 1460 2634 Numidiam
1478 2581 1627 2646 spectabat.
1645 2580 1766 2650 benique

136 2647 276 2716 legendum
290 2665 349 2706 esse
366 2651 530 2719 Reperitana.
974 2650 1000 2702 in
1024 2650 1177 2705 calendario
1195 2649 1398 2717 Carthaginensi
1421 2666 1454 2703 iu
1470 2651 1507 2703 id.
1531 2649 1648 2704 Octobris
1665 2653 1695 2705 itt
1708 2667 1766 2706 ine-

172 2719 215 2772 77.
232 2720 387 2776 [inritassis.
405 2720 521 2776 Ubadam
545 2721 571 2774 iu
591 2715 746 2776 Mauritania
761 2720 919 2777 Caesariensi
974 2723 1057 2774 moria
1077 2723 1158 2775 ruricii
1177 2721 1305 2786 Qiiintasi,
1322 2737 1401 2789 quein
1417 2722 1487 2774 haine
1507 2722 1593 2789 ipsum
1604 2720 1691 2845 ψ
1704 2736 1766 2778 ease

135 2797 267 2843 memorat
289 2792 405 2846 Ortelius
424 2808 455 2847 er
473 2790 581 2847 Victore
601 2791 727 2846 Uticensi.
752 2792 871 2846 Habetin
892 2802 920 2848 et
974 2789 1128 2855 Quintianus
1145 2792 1297 2859 suspicatur
1315 2792 1430 2846 domnus
1450 2791 1566 2846 ioannes
1581 2792 1621 2845 Ma
1644 2794 1763 2859 illonius,

138 2859 221 2914 ittam
235 2862 259 2913 in
273 2861 359 2917 Africa
376 2864 482 2930 propria
506 2880 538 2918 er
558 2863 718 2927 Ptolemaeo,
729 2878 809 2933 quani
823 2862 919 2918 urbem
973 2861 1018 2928 qui
1033 2863 1075 2916 hic
1092 2865 1119 2916 in
1134 2861 1232 2916 Notitia
1254 2862 1426 2915 Muteeitrinus
1445 2862 1585 2930 episcopus
1600 2863 1709 2917 dicitur.
1728 2865 1765 2917 ht

135 2928 181 2984 rud
195 2933 334 2986 Adrumeto
344 2932 424 2988 luisse
438 2933 501 2987 dicit
516 2935 563 2988 tiu.
575 2949 611 2993 ir.
623 2933 725 3001 capa:
737 2948 795 2999 quae
808 2933 919 3002 proinde
974 2930 999 2984 in
1015 2935 1121 3002 riilgato
1135 2933 1326 3002 martyrologio
1352 2932 1566 3004 Mieronymiano,
1587 2941 1615 2987 nt
1637 2933 1708 2987 idem
1722 2935 1765 2989 vir

136 3002 167 3052 ad
179 3000 341 3071 Byzacenani
359 3003 478 3058 reuocari
492 3006 579 3060 debet.
598 3003 682 3061 Ubera
693 3002 826 3057 castellum
839 3002 920 3059 liabe·
972 3004 1093 3058 eruditus
1107 3004 1244 3065 observat,
1261 3003 1354 3057 eadem
1369 3004 1413 3056 die
1427 3004 1496 3056 inter
1509 3002 1576 3056 alios
1591 3003 1670 3058 atras
1684 3018 1766 3059 reeo-

136 3079 180 3125 iur
194 3075 218 3124 in
234 3071 341 3126 Tabulis
353 3074 577 3144 semimarinis,
591 3077 637 3131 sud
651 3079 676 3126 in
688 3073 823 3137 Numidia,
841 3076 918 3146 173
974 3071 1040 3127 litnr
1054 3073 1206 3138 Quintaaua.
1219 3074 1246 3127 ln
1258 3075 1309 3128 isto
1323 3084 1411 3128 autem
1424 3073 1613 3145 martyrologia
1625 3075 1766 3141 pauciores

136 3150 165 3194 nt
177 3142 281 3209 quidem
298 3143 361 3198 inibi
380 3145 493 3198 ridetur.
515 3146 597 3202 Porro
611 3145 729 3201 Utiabam
745 3145 864 3199 eamdem
878 3147 959 3212 uec
976 3159 991 3198 e
1008 3144 1205 3201 recentioribus
1224 3145 1324 3200 sanetis
1346 3152 1491 3200 oeeiirrunt
1514 3144 1598 3215 prima
1621 3160 1702 3199 manu
1714 3146 1767 3200 de·

136 3209 196 3265 bom
210 3227 270 3267 esse
282 3228 341 3267 euin
357 3214 427 3269 Baba
442 3229 456 3268 a
472 3216 617 3270 Ptolemaeo
631 3221 659 3268 et
672 3213 808 3282 Stephano
820 3231 922 3270 memo·
976 3216 1078 3282 scripti.

135 3290 192 3334 rata
207 3293 298 3337 censet
316 3284 479 3339 tiata-cenius.
935 3307 940 3315 ·
1011 3286 1054 3339 77.
1069 3286 1281 3341 Runicinmusis.
1304 3286 1349 3340 Sic
1366 3295 1395 3342 et
1418 3286 1502 3341 codex
1519 3285 1629 3340 Maliaci.
1649 3285 1678 3340 lu
1697 3286 1769 3342 Car-

172 3352 406 3409 tacueramus.
422 3355 493 3408 lnter
508 3355 586 3423 hujus
602 3354 847 3422 preciosissimas,
863 3373 923 3423 quae
980 3354 1054 3424 thag.
1069 3356 1227 3422 collatione,
1244 3371 1303 3416 ean.
1321 3358 1380 3421 797,
1397 3355 1625 3412 iuterbonatistas
1639 3356 1766 3413 coartan-

136 3419 247 3474 iniurius
257 3423 396 3491 episcopos
407 3435 470 3478 trina
478 3440 529 3479 non
542 3423 807 3492 tiabiiissedieuntur,
817 3428 924 3494 quando
977 3426 1026 3479 tius
1046 3426 1177 3497 episcopor
1203 3426 1435 3482 Maisoliccariemir
1457 3428 1615 3495 comparuit,
1633 3443 1712 3495 quern
1730 3428 1767 3484 ad

136 3488 233 3546 africa
247 3495 363 3575 episcopi
380 3493 567 3564 Carthaginem
584 3497 709 3549 mandato
730 3496 800 3564 regis
823 3511 922 3554 eanre-
976 3495 1160 3551 Mauritaniam
1182 3495 1372 3552 Cae-ariensem
1391 3499 1550 3567 pertinuisse
1570 3513 1602 3551 cx
1618 3499 1717 3552 Notitia
1735 3513 1767 3554 se

136 3563 195 3617 nire
204 3564 271 3628 jussi
285 3575 357 3632 sunt,
372 3573 527 3619 niiineratur
541 3567 598 3620 loco
609 3566 626 3620 0
638 3565 787 3619 Oloritmia.
801 3567 839 3621 Ex
853 3581 924 3622 com·
975 3565 1101 3635 colligere
1111 3567 1148 3621 ait
1163 3567 1295 3622 baluzius.
1305 3569 1331 3620 in
1342 3567 1439 3622 Notitia
1450 3583 1513 3622 uero
1528 3566 1767 3624 lloaodicrariearis

136 3631 256 3700 pluribus
266 3645 354 3689 aritem
370 3635 480 3690 urbibus
493 3651 559 3705 quas
571 3651 605 3691 ei
621 3635 727 3691 Victore
738 3636 855 3693 Uticensi
867 3653 923 3693 me·
975 3637 1117 3705 episeopus
1131 3650 1262 3702 nusquam
1279 3638 1401 3702 babetur,
1418 3641 1468 3692 nisi
1484 3654 1516 3694 en
1528 3640 1636 3693 noiiiine
1651 3638 1773 3693 nauca-

136 3712 224 3756 morat
239 3702 365 3769 ortelius,
378 3720 430 3759 una
444 3718 480 3758 esi
499 3709 540 3761 cui
555 3705 660 3775 praeluit
680 3705 851 3762 dulcaminis
865 3710 923 3779 cpi·
975 3707 1082 3760 mensem
1093 3706 1196 3773 urbem,
1212 3707 1246 3762 de
1265 3722 1316 3776 qua
1328 3709 1370 3762 hie
1381 3709 1494 3778 agimus,
1509 3717 1555 3762 aut
1565 3720 1638 3764 certe
1650 3708 1766 3763 araute-

135 3787 227 3841 acopas
242 3775 267 3826 in
284 3773 441 3830 Mauritania
456 3772 615 3839 Carademi,
631 3792 710 3845 queut
722 3778 771 3832 iste
784 3787 878 3833 auctor
889 3781 923 3836 ab
975 3778 1098 3843 ritaaam,
1113 3779 1234 3848 superius
1247 3794 1320 3833 nuni.
1333 3777 1368 3831 97
1381 3781 1551 3844 recensitam,
1562 3779 1706 3849 deignare
1716 3795 1765 3833 ro-

135 3845 202 3897 urbe
215 3844 359 3899 Audiiream
371 3848 440 3901 dieta
455 3847 494 3902 sie
504 3848 665 3918 appellatum
678 3847 760 3913 luisse
772 3856 857 3915 putat.
867 3849 923 3918 Ego
976 3847 1055 3903 luerit
1070 3849 1109 3902 rir
1122 3848 1250 3904 eruditus.
1267 3848 1437 3905 Subicarense
1449 3851 1580 3903 cristallum
1595 3849 1621 3903 in
1637 3850 1767 3905 Maurita-

134 3928 199 3967 scro
214 3914 264 3970 bac
277 3930 341 3971 soce
355 3917 454 3971 nullum
465 3917 546 3972 alium
558 3933 573 3972 a
587 3916 664 3972 Patro
677 3916 826 3983 Odoritaao,
842 3919 922 3975 bieiu
975 3918 1018 3971 nia
1032 3920 1111 3973 situm
1127 3930 1259 3974 memorat
1272 3920 1428 3975 Ammianus
1442 3919 1608 3976 Marcellinus
1624 3919 1670 3975 lib.
1688 3936 1764 3989 iris,

135 3984 232 4039 Motitia
257 3997 414 4052 memorato,
439 3987 571 4055 designari
595 3990 731 4043 existima.
757 3987 812 4043 Nee
833 3989 923 4047 obstat
974 4002 1034 4056 cap.
1050 3990 1077 4050 5.
1088 3989 1159 4058 quod
1173 3989 1207 4044 ab
1220 3989 1270 4044 liae
1287 3989 1507 4044 Rasubiccariemi
1522 4006 1569 4046 seu
1584 3988 1766 4061 Rubicgm'emi

134 4055 204 4122 quod
218 4071 250 4110 er
266 4059 360 4112 eodem
374 4058 481 4113 Victore
496 4057 663 4113 Oboritaaam
676 4056 771 4113 urbem
791 4072 923 4117 memoret
975 4059 1073 4126 oppido
1092 4060 1164 4114 aliud
1179 4075 1232 4114 non
1251 4075 1312 4116 esse
1327 4061 1545 4116 verisimillimum
1561 4071 1612 4116 est.
1633 4062 1713 4117 Certe
1725 4061 1763 4118 cl.

134 4125 191 4193 ipse
206 4125 333 4193 Miletius,
346 4143 408 4182 cam
430 4128 510 4193 inira,
526 4139 556 4182 ut
570 4144 631 4184 mox
646 4127 815 4195 dicebamus,
837 4130 922 4186 altera
974 4128 1016 4181 vir
1030 4129 1180 4184 llialriauus
1195 4130 1324 4194 vitetis,
1340 4133 1381 4185 cui
1399 4133 1520 4186 Baluaius
1535 4146 1564 4187 se
1578 4132 1648 4186 ultro
1662 4147 1761 4187 assen-

134 4194 254 4262 ejnsdem
271 4197 385 4253 nominis
405 4199 482 4253 sedes
498 4199 635 4254 habeatur.
973 4199 1016 4251 tiri
1030 4199 1177 4266 proliietur,
1194 4215 1225 4254 eo
1247 4200 1297 4254 loci
1318 4200 1388 4268 apud
1409 4201 1577 4257 berinianum
1601 4201 1764 4257 Rusubbica-

170 4264 213 4318 75.
234 4264 551 4323 Casriiisessamueusis.
568 4266 717 4322 Castrorum
731 4266 922 4324 Seberiaaeasis
974 4283 1047 4321 reare
1056 4268 1106 4338 legi
1116 4280 1240 4330 oportere
1252 4272 1447 4339 siispieaiur.Si
1459 4283 1547 4327 tamen
1553 4272 1658 4327 Notitiae
1670 4273 1762 4341 lectio,

134 4334 297 4389 mentionem
308 4351 340 4389 ei
357 4335 463 4391 Pictore
474 4338 535 4392 lauit
548 4337 676 4392 brictius.
974 4351 1034 4403 qua
1049 4336 1238 4393 Robicarienris
1257 4341 1345 4405 italici,
1363 4343 1457 4396 melior
1475 4342 1563 4411 luerit,
1584 4343 1669 4409 iratius
1693 4345 1764 4399 reti·

170 4402 214 4457 it.
228 4407 467 4461 Casiniuossusis.
479 4407 569 4461 Codex
581 4406 691 4467 Helleni.
704 4406 921 4464 Cortrouabemis.
975 4407 1060 4459 nenda
1076 4409 1127 4463 erit
1139 4409 1243 4478 virigata
1258 4412 1389 4464 hinmiani
1407 4413 1495 4477 lectio,
1508 4428 1569 4468 cum
1580 4412 1689 4482 propius
1704 4415 1763 4468 Ra·

134 4473 172 4528 Ma
184 4483 224 4528 est
237 4476 301 4531 urbs
313 4489 391 4544 quain
403 4477 550 4532 unianimis
563 4478 588 4531 iii
600 4478 738 4531 itinerario
747 4474 920 4532 castratione
973 4476 1121 4531 liconiensis
1134 4493 1186 4532 uox
1201 4480 1233 4532 ad
1248 4480 1422 4536 Subicareasis
1437 4482 1547 4538 accedat
1559 4499 1638 4554 quam
1654 4485 1688 4538 ari
1703 4484 1764 4540 tta-

134 4544 260 4612 appeiiat.
285 4544 412 4612 Eiusdem
435 4547 551 4601 nominis
565 4546 656 4600 urbem
672 4554 803 4601 memorat
815 4561 918 4618 anony-
931 4518 959 4580 D
971 4547 1173 4602 saiiccariemir.
1197 4548 1280 4604 Porro
1301 4549 1465 4607 Rirralaieari
1483 4554 1563 4608 habet
1582 4553 1715 4608 Antonius
1733 4556 1762 4611 iu

133 4628 192 4667 urus
205 4611 391 4670 Rauennensis
405 4617 430 4670 in
443 4617 582 4687 Tingitana
598 4617 645 4672 lib.
660 4631 699 4680 m,
713 4632 741 4670 ii.
754 4617 780 4672 9.
971 4617 1123 4684 itinerario,
1148 4619 1290 4674 Rusubescr
1307 4621 1467 4677 Ptolemaeus
1480 4623 1549 4679 libro
1563 4640 1598 4687 ir,
1614 4637 1674 4690 cap.
1691 4622 1719 4683 2.
1733 4634 1763 4682 et

170 4683 214 4739 ta.
226 4685 424 4741 Cisieiiiuus.
436 4687 509 4742 Mane
521 4687 612 4742 sedem
624 4686 683 4742 aliis
697 4687 829 4756 plerisque
840 4687 919 4757 hujus
934 4688 937 4693 ’
971 4688 1104 4743 Parricidae
1118 4704 1178 4759 cap.
1194 4692 1325 4762 sequenti.
1350 4692 1379 4747 ln
1391 4693 1499 4749 Tabulis
1513 4694 1662 4763 Peutingeri
1678 4693 1764 4761 Rari·

132 4754 276 4820 prouinciae
287 4757 397 4811 urbibus
410 4761 540 4813 notiorem
554 4755 616 4812 lecit
634 4757 761 4812 Voconius
781 4755 919 4815 Carteiiaai
971 4760 1074 4813 duceri.

133 4823 297 4881 Maiiritaaitr
318 4827 406 4898 oppidi
425 4831 567 4901 episcopas,
590 4829 632 4895 qui
656 4843 671 4881 a
691 4828 830 4883 Gennadio
848 4830 919 4886 inter
1007 4830 1049 4885 78.
1072 4830 1281 4887 Maeuiussusis.
1303 4831 1388 4887 Victor
1404 4836 1535 4906 episeopus
1549 4832 1761 4906 Mammillearis,

132 4897 277 4962 scriptores
290 4897 488 4953 ecclesiasticos
502 4899 528 4953 in
542 4897 669 4965 eauiogo
683 4914 743 4968 cap.
758 4900 792 4954 78
806 4915 918 4969 compu·
970 4914 1031 4954 cuni
1047 4900 1187 4956 Sereniano
1202 4917 1250 4959 suo
1264 4903 1417 4960 aduersario
1432 4920 1492 4972 cap.
1510 4902 1563 4959 aba
1578 4907 1641 4961 item
1655 4921 1761 4964 inemo-

133 4973 213 5030 tatur,
240 4966 329 5035 ibique
353 4968 476 5022 laudatur
495 4968 565 5038 quod
582 4980 678 5036 praeter
699 4983 729 5023 ea
744 4985 804 5039 qum
824 4981 918 5026 contra
970 4982 1040 5036 rato,
1054 4970 1137 5026 adluit
1151 4971 1291 5027 Collatiani
1305 4974 1431 5044 Cartliag.
1444 4990 1503 5045 cap.
1520 4976 1581 5030 l55.
1595 4980 1634 5031 ha
1650 4977 1704 5032 ime
1717 4994 1762 5034 re-

131 5034 249 5100 irritans,
262 5038 387 5106 arianos,
399 5038 517 5109 aliosque
531 5040 657 5094 Ecclesiae
667 5041 788 5093 inimicos
801 5041 918 5110 scripsit,
970 5042 1059 5096 vocari
1073 5053 1161 5108 posset
1176 5042 1297 5098 Mammas
1308 5046 1390 5116 rapio,
1408 5051 1435 5099 in
1449 5062 1500 5113 qna
1515 5046 1666 5101 Maurorum
1682 5038 1761 5115 prin-

131 5103 246 5159 ediderit
257 5107 336 5160 etiarn
351 5106 576 5163 sacramentorum
589 5126 647 5177 eqrc
665 5113 717 5163 iam
728 5111 854 5166 uolumen.
870 5111 918 5168 Mic
969 5113 1042 5180 cipes
1054 5125 1142 5169 eastra
1166 5114 1291 5170 babuisse
1311 5116 1436 5170 dicuntur
1450 5115 1518 5184 apud
1536 5117 1693 5186 Procopium
1712 5120 1760 5175 lib.

130 5173 253 5255 antistes,
276 5183 306 5229 ut
321 5177 425 5233 Miraeus
438 5179 572 5245 observat,
591 5179 625 5234 ab
640 5126 758 5234 ductario
772 5189 799 5234 et
812 5181 918 5237 Tritbe·
969 5196 988 5236 u
1000 5181 1033 5236 de
1046 5182 1120 5239 Bello
1134 5183 1286 5248 tanaitica,
1303 5185 1346 5239 alii
1358 5186 1526 5253 judicabunt.
1543 5187 1648 5242 Videtur
1665 5195 1760 5244 tainau

130 5244 186 5298 mio
198 5244 295 5298 dicitur
308 5244 448 5311 Maeonius.
463 5261 541 5321 quam
559 5249 701 5306 lectionem
718 5250 796 5305 babet
811 5266 917 5322 quoque
968 5253 1001 5306 ad
1014 5253 1153 5323 Byzacium
1170 5254 1329 5323 pertinuisse
1342 5273 1348 5308 :
1362 5255 1506 5325 etquidem
1520 5257 1661 5312 Martiniam
1674 5258 1761 5328 Byzar-

131 5322 210 5368 retus
220 5319 358 5383 exemplar
368 5319 496 5374 Gennadii
510 5335 543 5375 er
557 5321 718 5376 bibliotheca
731 5320 915 5377 Tiseannensi.
968 5337 1042 5378 cenas
1056 5325 1149 5378 urbem
1161 5326 1383 5380 niediterraneam
1400 5326 1479 5380 babet
1493 5327 1562 5380 idern
1578 5341 1673 5383 auctor
1688 5330 1760 5384 libra

130 5383 159 5437 ln
175 5389 761 5446 nostraautrmvetustissiiiiooiidieedicitur
774 5389 913 5448 Pacuuius.
968 5408 992 5446 si
1011 5393 1046 5448 de
1062 5393 1205 5461 AEdiiieiis,
1224 5410 1284 5462 cap.
1305 5395 1332 5448 6.
1354 5395 1499 5449 Marniltani
1518 5396 1590 5452 inter
1610 5400 1758 5469 Byzacena.

129 5453 169 5508 lle
193 5454 295 5510 Cereali
320 5456 480 5528 Castellum,
505 5461 550 5527 qni
574 5463 653 5515 etiarn
679 5461 749 5516 inter
770 5463 915 5530 scriptores
965 5463 1087 5519 ciuitates
1102 5475 1234 5519 irremoiat
1255 5464 1353 5519 Motitia
1377 5466 1474 5523 Leonis
1495 5469 1662 5536 imperatoris
1686 5472 1757 5538 apud

129 5524 326 5582 ecclesiasticos
350 5528 436 5583 locum
461 5531 567 5595 meruit,
587 5531 650 5585 ride
670 5532 737 5584 intra
760 5546 834 5586 num.
850 5532 912 5588 779.
965 5532 1090 5597 Goarem,
1114 5535 1161 5589 sed
1187 5533 1296 5589 Graecus
1311 5544 1399 5591 tertiis
1425 5541 1649 5609 liabetutapadi13
1672 5542 1758 5595 editio

129 5592 214 5649 Porro
226 5598 251 5649 in
265 5594 411 5653 collatione
423 5599 546 5668 carthag.
563 5616 621 5668 eap-
650 5601 698 5657 780
712 5599 847 5656 Scaeuinus
861 5604 916 5671 epi·
966 5613 1055 5657 autem
1069 5603 1211 5658 bodleiana
1225 5604 1317 5660 Graece
1331 5617 1359 5661 et
1373 5610 1466 5662 Latine
1476 5610 1590 5680 Μαμιδα.

130 5679 220 5739 asopus
239 5666 398 5724 casertanus
416 5684 449 5726 ex
469 5669 664 5725 Donatistarum
681 5682 752 5726 secta
765 5678 915 5729 recensitus
1001 5673 1047 5728 79.
1063 5675 1235 5730 hainoensis.
1251 5676 1295 5730 Sic
1310 5676 1388 5732 habet
1402 5689 1514 5749 uterque
1526 5681 1611 5736 codex
1626 5696 1676 5737 ins.
1691 5699 1757 5740 curu

130 5741 181 5802 ast,
205 5750 284 5806 quem
306 5753 336 5796 ee
350 5740 455 5797 nmeire
476 5741 512 5796 ait
533 5740 655 5798 Baluzius
668 5742 695 5798 in
708 5750 770 5798 nota
791 5742 824 5798 ad
844 5744 914 5800 buno
964 5742 1055 5799 editis.
1071 5743 1133 5800 llaec
1152 5746 1218 5801 urbs
1238 5745 1272 5799 ad
1291 5747 1396 5804 Albulas
1416 5750 1443 5805 in
1465 5751 1591 5808 antonini
1611 5750 1756 5810 itineraria
